3144 5056
248 379 257 390 ·
334 353 372 412 de
391 348 451 413 diei
470 352 548 412 dom.
569 371 618 431 ap.
642 332 902 414 retssllbristianos
924 347 1131 414 celebratione.
1300 338 1346 414 67

124 511 262 587 Christus
277 507 330 605 illo
349 520 397 582 dio
414 497 587 584 enmortuis
604 522 800 599 resurrexerit*
813 520 852 603 *)‚
870 525 922 583 sed
933 510 1110 586 ludaeorum
1128 494 1214 584 etiam
1231 525 1343 584 sabba·
1420 517 1425 521 ’

15 667 28 676 ,
124 619 204 688 tum,
220 608 344 678 indiam
371 607 548 669 dominicum
571 620 709 671 mutatum
735 620 762 671 et
779 632 797 672 a
813 596 934 689 septim'o
955 609 986 669 in
1006 609 1130 690 ‘primum
1153 609 1345 672 hebdomadis

125 699 203 759 diem
221 696 394 758 translatum
421 704 488 757 esso
513 695 667 775 opinantur
682 695 737 775 ¹⁵⁹).
769 699 793 759 A
819 718 940 777 quornm
967 697 1102 777 opinione
1119 699 1259 758 recedunt
1282 696 1343 773 alli,

125 785 175 866 qui
201 785 278 845 diem
303 782 376 844 solis
392 793 458 863 post
475 784 601 845 excisam
619 782 887 864 Hierosolymorum
913 785 1033 860 urbem,
1057 783 1114 845 imo
1146 785 1202 845 sub
1231 783 1344 844 ‘exitum

122 872 214 953 bajus
231 869 323 941 seculi
342 873 456 931 demum
474 878 673 932 consecratum
691 871 789 932 fuisso
805 872 982 931 contendunt
999 868 1070 943 ***).
1104 868 1152 931 llli
1169 872 1205 930 ad
1224 878 1344 931 seuten-

124 957 194 1020 tiam
212 978 295 1019 suam
320 958 502 1038 probandam
527 955 613 1038 plura
642 957 768 1019 afferunt
795 956 1001 1038 Apostolorum
1026 957 1119 1034 dieta,
1150 976 1225 1036 quae
1248 957 1345 1036 capite

125 1045 212 1106 tertio
229 1051 364 1106 accurato
382 1065 399 1104 a
416 1045 500 1104 nobis
518 1044 752 1124 explicabuntur.
784 1045 877 1105 lintea
893 1043 978 1120 enim,
995 1044 1064 1124 qnid
1079 1044 1211 1124 Apostoli
1228 1043 1259 1103 in
1274 1043 1344 1104 uui·
1396 1054 1410 1070 ·
1442 1070 1445 1078 ·

125 1146 246 1195 versum
264 1130 398 1192 delestis
417 1130 520 1192 diebus
537 1142 565 1191 et
580 1132 684 1192 ritibus
701 1131 793 1193 saeris
811 1131 967 1209 senserint,
984 1132 1189 1210 exponendum
1207 1139 1263 1192 est.

133 1228 154 1239 '·
218 1214 330 1279 Paulus
345 1212 444 1278 contra
458 1215 527 1278 illos
546 1218 673 1298 disputat
690 1237 917 1298 saepenumero,
935 1217 983 1297 qui
1000 1216 1077 1296 legis
1102 1216 1249 1279 mosaicae
1265 1216 1344 1277 ceri-

125 1304 273 1381 monialis,
286 1305 452 1384 praesertim
469 1305 584 1366 sabbati
603 1304 783 1386 aliorumque
796 1306 939 1366 lestorum
956 1303 1189 1367 observationem
1206 1312 1344 1384 tanquam

123 1392 245 1452 unicum
262 1389 366 1453 salutis
384 1391 510 1461 medium
527 1391 592 1451 littei
611 1390 734 1454 Christo
747 1392 900 1455 habendae
916 1392 1088 1472 adjunxero.
1108 1390 1191 1468 stc,
1214 1400 1248 1451 ut
1271 1410 1343 1452 sen-

123 1478 244 1540 teutiam
262 1477 404 1558 exemplis
420 1477 574 1556 illustrem,
589 1478 619 1537 in
638 1477 764 1558 epistola
780 1481 818 1539 ad
834 1478 956 1540 Galatas
973 1480 1008 1538 de
1025 1476 1186 1557 gentilibus
1204 1476 1343 1557 loquitur,

125 1565 177 1646 qui
202 1564 319 1626 Christo
344 1565 461 1645 quidem
485 1586 590 1626 nomen
611 1567 771 1639 dederant,
803 1568 855 1626 sed
879 1563 998 1625 alalsis
1023 1563 1190 1627 doctoribus
1215 1562 1346 1645 corrupti

124 1652 211 1713 etiarn
230 1652 325 1729 legem
343 1652 498 1713 mosaicam
517 1655 727 1714 observandam
753 1656 830 1713 esso'
843 1649 1048 1731 opinabantur.
1079 1651 1203 1711 Fatetur
1218 1650 1300 1732 (Gal.
1315 1649 1345 1727 l,

127 1739 289 1813 14-15.)‚
307 1759 340 1799 sc
354 1748 440 1799 antea
456 1739 613 1819 populares
632 1738 661 1798 in
686 1738 827 1800 ludaismi
855 1738 987 1819 prosectu
1003 1737 1091 1815 longe
1116 1756 1276 1817 superasse
1292 1756 1345 1799 se·
1422 1750 1435 1773 ⁸

126 1847 184 1906 que
201 1825 360 1904 patriarum
372 1825 586 1886 institutionum
602 1825 697 1886 luisse
715 1825 982 1900 studiosissimum,
1001 1827 1095 1898 donec
1112 1824 1233 1886 meliora
1248 1825 1345 1905 ipsum

125 1912 227 1973 divina
245 1911 376 1972 docuerit
390 1912 497 1991 gratia.
528 1913 673 1973 Admonet
697 1912 789 1993 igitur
802 1912 940 1986 Galatas,
957 1921 1004 1985 nt,
1031 1932 1089 1971 non
1104 1910 1182 1990 legis
1198 1912 1345 1973 mosaicae

125 1999 339 2076 observatione,
356 2001 407 2059 sed
427 1999 492 2059 sola
509 1998 708 2060 in'Cbristmn
725 1998 781 2059 fide
798 2020 830 2058 se
852 1997 1010 2080 justificari
1026 1999 1180 2060 credentes
1196 1998 1283 2076 tinto.
1296 1996 1346 2073 3.)

125 2086 155 2146 in
182 2086 336 2162 libertate,
359 2085 388 2145 iu
415 2105 500 2166 quam
526 2084 662 2169 cbristus
688 2106 739 2147 cos
764 2085 945 2161 adseruerit,
972 2080 1347 2164 persistant(ibid.5,1.)

125 2193 199 2233 nere
214 2173 320 2234 iterum
338 2173 439 2253 jugum
457 2172 605 2234 servitutis
618 2175 751 2235 subeant.
779 2174 912 2252 Namque
928 2190 991 2249 ros,
1008 2171 1112 2252 inquit,
1129 2174 1166 2232 ad
1181 2171 1346 2234 libertatern

124 2259 220 2337 vocati
239 2259 310 2320 estis
325 2258 410 2334 (ibid.
429 2256 459 2333 5,
481 2259 554 2340 ta).
1219 2268 1223 2273 ’

213 2347 298 2422 Quae
315 2342 392 2406 locis
409 2344 506 2407 allatis
524 2355 551 2406 et
568 2343 638 2408 alibi
657 2355 758 2408 contra
773 2345 851 2425 legis
868 2345 1018 2408 mosaicae
1034 2345 1268 2409 observationem
1287 2368 1343 2426 ge-

124 2432 249 2493 neratim
266 2432 409 2511 disputat,
435 2454 469 2494 ea
492 2433 643 2512 speciatim
668 2433 709 2494 ibi
727 2454 843 2513 quoquo
868 2434 1012 2514 applicat,
1034 2433 1137 2496 ubido
1160 2434 1344 2497 celebrandis

124 2520 212 2580 festis
231 2528 259 2580 et
277 2519 358 2580 statis
379 2519 444 2580 aliis
462 2520 576 2595 dicbus,
593 2519 623 2579 ln
642 2519 711 2598 lege
728 2519 857 2581 mosaica
875 2519 1083 2595 determinatis,
1099 2519 1211 2600 profert
1224 2531 1346 2583 senten·
1388 2582 1404 2599 x

125 2606 203 2667 tiam.
232 2606 348 2667 Etenim
361 2607 481 2668 Galatas
497 2606 527 2665 in
543 2607 623 2667 launo
636 2607 807 2667 'adhortatur
824 2609 958 2668 modum:
975 2607 1031 2682 „bt
1046 2622 1135 2683 nuuc,
1147 2628 1213 2668 eum
1231 2626 1346 2688 coguo-

123 2693 224 2755 reritis
242 2694 349 2773 Deum,
366 2693 412 2754 rel
429 2694 526 2774 potius
543 2714 562 2753 a
573 2694 636 2754 Deo
654 2693 764 2773 cog-niti
781 2693 855 2769 sitis,
873 2692 922 2774 qui
939 2691 978 2769 lit,
996 2702 1028 2753 ut
1044 2714 1161 2755 rursum
1178 2698 1215 2755 ad
1232 2693 1347 2757 inlirma
1415 2711 1422 2722 ’

125 2798 279 2861 egenaque
296 2780 437 2842 elementa
452 2802 505 2843 ros
529 2779 719 2857 convertatis,
744 2780 851 2862 quibus
877 2782 974 2842 denuo
996 2779 1106 2842 servire
1128 2780 1240 2843 vultis?
1272 2783 1346 2846 Dies

194 3033 225 3100 '¹‘)
244 3033 313 3085 Cirr.
326 3034 338 3084 l
349 3050 395 3084 ao.
412 3036 611 3098 lBingbamii
630 3036 767 3101 antiquitt.
783 3038 877 3087 eccles.
892 3052 925 3087 ox
944 3052 1013 3088 vers.
1033 3037 1074 3088 lo.
1088 3037 1167 3088 Henr.
1187 3036 1347 3089 Grisobo·

124 3105 181 3154 vii.
201 3102 262 3154 Vol.
283 3103 406 3167 laten.
425 3118 479 3155 seo.
500 3098 557 3155 ilat.
581 3106 670 3166 1760.)
695 3118 719 3171 p.
740 3110 781 3159 13.
818 3109 890 3159 later
916 3109 1004 3172 sericae
1021 3120 1119 3161 cosroe
1138 3114 1163 3160 et
1184 3109 1346 3161 scaenam·-

125 3190 170 3224 ous
188 3174 304 3224 ursmaro
322 3189 425 3238 seuque·
452 3176 555 3225 enricroit
581 3175 655 3237 plico
683 3175 875 3237 dontiaieo,
900 3191 1042 3242 quaecum
1059 3191 1157 3242 mnqau
1178 3178 1346 3229 ueneratione

125 3244 152 3291 ia
170 3243 251 3292 ceteri
276 3243 401 3304 ecclesia,
426 3242 485 3293 iude
503 3241 536 3292 ub
559 3244 626 3308 ipsis
644 3243 830 3308 Apostolorum
855 3243 1028 3309 temporibus,
1054 3244 1183 3295 celebrari
1202 3247 1344 3295 cousuevit.

124 3307 196 3358 lob.
217 3307 315 3358 Laur.
336 3306 519 3359 Moshemii
539 3310 570 3359 do
590 3310 667 3360 rebus
688 3309 892 3360 Christianorum
911 3316 971 3363 ante
991 3311 1125 3361 Constant.
1148 3309 1185 3361 Μ.
1207 3319 1343 3361 comment.

124 3376 246 3441 (Helmst.
262 3377 360 3441 1753.)
374 3394 398 3442 p.
416 3382 542 3440 tte-13.
581 3380 697 3444 Populus
712 3379 812 3431 Christi
826 3381 1100 3445 Hteaoaolymituuus,
1113 3381 1219 3432 ronuta·
1237 3379 1346 3446 pudure

123 3447 289 3497 ludaeorum
308 3461 390 3497 socru
407 3442 477 3499 lourtd
495 3447 647 3512 conserebat,
672 3464 737 3501 suos
755 3455 842 3499 tumeo
861 3450 941 3500 otium
960 3456 1100 3501 conuentus
1117 3451 1158 3502 rei
1175 3449 1280 3503 divinae
1296 3450 1345 3516 fu-

124 3515 233 3565 oieudue
252 3530 336 3565 cousu
352 3514 512 3580 celebrabat,
530 3518 559 3569 iu
577 3514 668 3583 quitos
687 3515 720 3565 ab
738 3518 873 3584 Apostolos
891 3512 1095 3580 instituebatur,
1118 3526 1345 3585 commeates'preb

125 3596 166 3632 ees
182 3581 310 3647 surdebat
327 3589 352 3633 et
376 3585 527 3635 memoriam
543 3588 612 3636 Jesu
631 3584 732 3635 utristi
753 3601 802 3651 por
826 3600 935 3636 auorum
959 3584 1064 3637 eoolbem
1087 3586 1232 3654 repetebat.
1269 3588 1345 3642 Dian

125 3649 165 3701 bio
185 3650 355 3730 conceptibus
369 3653 484 3704 dlootum
512 3655 587 3704 ittam
607 3654 707 3718 fuisse,
727 3668 775 3719 quo
787 3656 876 3709 lesus
895 3653 1016 3706 Obrutus
1033 3658 1061 3706 tu
1078 3658 1161 3708 uitam
1177 3655 1266 3718 rediit,
1285 3671 1345 3705 oer-

126 3726 182 3799 tuup
197 3735 282 3784 mapsa
296 3726 340 3798 ¹eet
359 3735 438 3799 quota
456 3723 607 3800 uerisimile.
632 3740 675 3759 -·
692 3720 778 3770 Just.
799 3721 898 3801 llenr.
918 3722 1096 3775 Boobmcr:
1115 3721 1177 3774 Xll.
1198 3722 1343 3787 dissertant,

123 3800 194 3903 JBurrpl
204 3787 356 3907 poetesrapt.
376 3795 474 3853 antrqm
494 3790 548 3849 (ed.
565 3804 618 3839 seo.
633 3787 798 3907 Habpwltp.)
818 3789 885 3839 Drss.
909 3789 929 3840 l.
949 3789 976 3856 §.
999 3794 1042 3843 13.
1062 3809 1087 3858 p.
1107 3794 1151 3842 21.
1170 3817 1205 3828 -
1222 3788 1343 3887 Fpanc.

153 3871 169 3903 u
230 3857 452 3906 eusznst'.
554 3896 560 3905 .
892 3854 925 3907 .'
1155 3895 1206 3906 ..
1282 3889 1345 3909 0,-

125 3921 197 3972 un.
218 3920 336 3973 aaran.
360 3858 705 3978 sll‘loililstbllla
726 3856 1343 3994 artabaldus?alniasilnbilim.

124 3989 196 4108 ⁸1lplp.
216 3990 316 4110 llGenp.
337 3991 729 4113 Hoinssriebszsdpooalypsis
748 4010 851 4059 mauce,
873 4001 998 4062 perpetua
1017 3994 1183 4044 arruotntiooo
1202 3995 1343 4048 illustrata.

254 4066 443 4112 ottrn.tt.
498 4069 584 4112 .t.
1147 4110 1148 4115 ,

192 4061 235 4188 *lit
256 4127 296 4177 cf.
315 4064 399 4178 lob&
416 4063 494 4179 Clari
512 4069 613 4180 Wiqlb.
636 4120 804 4195 A'u‘gusrt:
830 4129 1091 4193 Denkwiinligkeiten
1112 4128 1158 4183 ads
1179 4131 1225 4182 der
1243 4133 1343 4183 cbristl.
1389 4152 1394 4161 ·

125 4192 311 4258 Archaeologie
330 4204 381 4247 eto.
401 4196 431 4247 P.
456 4195 476 4247 1.
503 4197 699 4265 (Lipststt.)
725 4199 752 4265 §.
773 4203 799 4254 5.
820 4218 844 4267 p.
867 4206 908 4252 17.
954 4201 1004 4250 Die
1025 4197 1174 4251 Goocbe'oltte
1200 4202 1249 4253 der
1274 4202 1346 4253 olteu
1415 4228 1418 4237 1

125 4264 221 4315 Kircbe
238 4264 315 4329 lelrrt,
334 4268 399 4339 dnos
417 4267 500 4334 pleiob
516 4269 639 4332 Arrfnups
656 4269 703 4320 der
716 4270 836 4336 jtulisobc
857 4268 961 4320 Solebat
978 4270 1006 4319 iu
1024 4269 1098 4318 elatea
1116 4270 1173 4334 'Pup
1191 4270 1237 4320 des
1254 4272 1349 4322 Horou

126 4332 350 4400 (Obrimus-Tap,
368 4337 504 4409 Sopotop)
528 4336 688 4397 omwurodolt
722 4340 775 4389 aad
793 4354 850 4390 vom
866 4334 997 4389 oiebeuten
1017 4338 1088 4403 Tape
1117 4338 1171 4403 auf
1188 4338 1237 4388 dou
1258 4345 1346 4393 ersten

125 4403 418 4531 mkll*'l¹gilelhil.
437 4472 509 4523 leo,
537 4471 782 4526 Hartmannusz
803 4460 840 4525 De
868 4452 946 4525 rebus
973 4472 1052 4537 gestis
1072 4472 1276 4525 Christianorum
1297 4472 1344 4522 sub

127 4536 266 4604 Apostolis.
286 4536 386 4605 (berol.
409 4543 500 4607 1699.)
521 4558 545 4594 o.
567 4545 608 4597 to.
629 4558 655 4608 p·
678 4544 729 4597 387
749 4559 820 4611 seqq.
1143 4596 1150 4602 .

1098 4626 1143 4689 5*
