<?xml version="1.0" encoding="UTF-8"?>
<!DOCTYPE html PUBLIC "-//W3C//DTD XHTML 1.0 Transitional//EN"
    "http://www.w3.org/TR/xhtml1/DTD/xhtml1-transitional.dtd">
<html xmlns="http://www.w3.org/1999/xhtml" xml:lang="en" lang="en">
 <head>
  <title>
</title>
<meta http-equiv="Content-Type" content="text/html;charset=utf-8" />
  <meta name='ocr-system' content='tesseract 3.04.00' />
  <meta name='ocr-capabilities' content='ocr_page ocr_carea ocr_par ocr_line ocrx_word'/>
</head>
<body>
  <div class='ocr_page' id='page_1' title='image "./thesauruscommen03volbgoog_0056.png"; bbox 0 0 3150 5066; ppageno 0'>
   <div class='ocr_carea' id='block_1_1' title="bbox 593 278 1359 364">
    <p class='ocr_par' dir='ltr' id='par_1_1' title="bbox 593 278 1359 364">
     <span class='ocr_line' id='line_1_1' title="bbox 593 278 1359 364; baseline 0.014 -21"><span class='ocrx_word' id='word_1_1' title='bbox 593 278 771 345; x_wconf 73' lang='lat' dir='ltr'>demittam</span> <span class='ocrx_word' id='word_1_2' title='bbox 785 294 905 364; x_wconf 70' lang='lat' dir='ltr'>magno.</span> <span class='ocrx_word' id='word_1_3' title='bbox 1314 280 1359 354; x_wconf 72' lang='lat' dir='ltr'>ba</span> 
     </span>
    </p>
   </div>
   <div class='ocr_carea' id='block_1_2' title="bbox 19 454 1447 4549">
    <p class='ocr_par' dir='ltr' id='par_1_2' title="bbox 19 454 1447 3240">
     <span class='ocr_line' id='line_1_2' title="bbox 132 454 1356 541; baseline 0.005 -22"><span class='ocrx_word' id='word_1_4' title='bbox 132 458 257 532; x_wconf 72' lang='lat' dir='ltr'>noram,</span> <span class='ocrx_word' id='word_1_5' title='bbox 274 468 347 536; x_wconf 78' lang='lat' dir='ltr'>pout</span> <span class='ocrx_word' id='word_1_6' title='bbox 360 460 482 516; x_wconf 69' lang='lat' dir='ltr'>mtoate</span> <span class='ocrx_word' id='word_1_7' title='bbox 495 458 611 534; x_wconf 79' lang='lat' dir='ltr'>poneba,</span> <span class='ocrx_word' id='word_1_8' title='bbox 628 454 732 519; x_wconf 83' lang='lat' dir='ltr'>scribit</span> <span class='ocrx_word' id='word_1_9' title='bbox 749 455 913 537; x_wconf 73' lang='lat' dir='ltr'>Gregor.</span> <span class='ocrx_word' id='word_1_10' title='bbox 931 456 960 519; x_wconf 91' lang='lat' dir='ltr'>N</span> <span class='ocrx_word' id='word_1_11' title='bbox 966 474 1043 538; x_wconf 83' lang='lat' dir='ltr'>yss.</span> <span class='ocrx_word' id='word_1_12' title='bbox 1061 455 1176 521; x_wconf 55' lang='lat' dir='ltr'>orati</span> <span class='ocrx_word' id='word_1_13' title='bbox 1191 456 1356 541; x_wconf 71' lang='lat' dir='ltr'>tepescas,</span> 
     </span>
     <span class='ocr_line' id='line_1_3' title="bbox 134 547 1357 621; baseline 0.006 -15"><span class='ocrx_word' id='word_1_14' title='bbox 134 548 213 606; x_wconf 76' lang='lat' dir='ltr'>saort</span> <span class='ocrx_word' id='word_1_15' title='bbox 229 558 369 604; x_wconf 73' lang='lat' dir='ltr'>ommoam</span> <span class='ocrx_word' id='word_1_16' title='bbox 387 558 470 604; x_wconf 77' lang='lat' dir='ltr'>nores</span> <span class='ocrx_word' id='word_1_17' title='bbox 484 550 598 605; x_wconf 75' lang='lat' dir='ltr'>nostroe</span> <span class='ocrx_word' id='word_1_18' title='bbox 613 550 818 607; x_wconf 73' lang='lat' dir='ltr'>recommonet</span> <span class='ocrx_word' id='word_1_19' title='bbox 834 547 989 621; x_wconf 72' lang='lat' dir='ltr'>tolonnis</span> <span class='ocrx_word' id='word_1_20' title='bbox 1003 556 1030 606; x_wconf 85' lang='lat' dir='ltr'>et</span> <span class='ocrx_word' id='word_1_21' title='bbox 1046 551 1177 619; x_wconf 74' lang='lat' dir='ltr'>mattea,</span> <span class='ocrx_word' id='word_1_22' title='bbox 1201 568 1259 610; x_wconf 77' lang='lat' dir='ltr'>nnn</span> <span class='ocrx_word' id='word_1_23' title='bbox 1274 550 1357 613; x_wconf 70' lang='lat' dir='ltr'>mer</span> 
     </span>
     <span class='ocr_line' id='line_1_4' title="bbox 134 630 1356 718; baseline 0.005 -25"><span class='ocrx_word' id='word_1_24' title='bbox 134 632 212 694; x_wconf 68' lang='lat' dir='ltr'>oo&#39;st</span> <span class='ocrx_word' id='word_1_25' title='bbox 226 630 470 717; x_wconf 36' lang='lat' dir='ltr'>demenploetlttne</span> <span class='ocrx_word' id='word_1_26' title='bbox 483 630 532 711; x_wconf 81' lang='lat' dir='ltr'>per</span> <span class='ocrx_word' id='word_1_27' title='bbox 548 650 632 693; x_wconf 84' lang='lat' dir='ltr'>nares</span> <span class='ocrx_word' id='word_1_28' title='bbox 646 634 675 693; x_wconf 84' lang='lat' dir='ltr'>ln</span> <span class='ocrx_word' id='word_1_29' title='bbox 692 639 815 694; x_wconf 74' lang='lat' dir='ltr'>unientem</span> <span class='ocrx_word' id='word_1_30' title='bbox 831 632 970 708; x_wconf 72' lang='lat' dir='ltr'>deflueret.</span> <span class='ocrx_word' id='word_1_31' title='bbox 990 666 1028 678; x_wconf 93' lang='lat'>-</span> <span class='ocrx_word' id='word_1_32' title='bbox 1049 632 1077 717; x_wconf 57' lang='grc' dir='ltr'>ᾗ.</span> <span class='ocrx_word' id='word_1_33' title='bbox 1093 633 1125 694; x_wconf 84' lang='grc'>2.</span> <span class='ocrx_word' id='word_1_34' title='bbox 1142 633 1222 695; x_wconf 85' lang='lat' dir='ltr'>idem</span> <span class='ocrx_word' id='word_1_35' title='bbox 1240 632 1356 718; x_wconf 77' lang='lat' dir='ltr'>Nysse-</span> 
     </span>
     <span class='ocr_line' id='line_1_5' title="bbox 135 715 1358 801; baseline 0.005 -21"><span class='ocrx_word' id='word_1_36' title='bbox 135 734 196 781; x_wconf 84' lang='lat' dir='ltr'>nus</span> <span class='ocrx_word' id='word_1_37' title='bbox 212 727 327 779; x_wconf 84' lang='lat' dir='ltr'>nectent</span> <span class='ocrx_word' id='word_1_38' title='bbox 345 715 477 797; x_wconf 81' lang='lat' dir='ltr'>pasclrae</span> <span class='ocrx_word' id='word_1_39' title='bbox 493 717 641 798; x_wconf 75' lang='lat' dir='ltr'>praeviam</span> <span class='ocrx_word' id='word_1_40' title='bbox 664 728 707 781; x_wconf 93' lang='lat' dir='ltr'>tot</span> <span class='ocrx_word' id='word_1_41' title='bbox 730 718 859 780; x_wconf 87' lang='lat' dir='ltr'>lucernis</span> <span class='ocrx_word' id='word_1_42' title='bbox 886 719 1042 800; x_wconf 72' lang='lat' dir='ltr'>splendere</span> <span class='ocrx_word' id='word_1_43' title='bbox 1065 719 1180 782; x_wconf 83' lang='lat' dir='ltr'>solitam</span> <span class='ocrx_word' id='word_1_44' title='bbox 1195 720 1301 801; x_wconf 78' lang='lat' dir='ltr'>refert,</span> <span class='ocrx_word' id='word_1_45' title='bbox 1325 727 1358 786; x_wconf 80' lang='lat' dir='ltr'>n&#39;t</span> 
     </span>
     <span class='ocr_line' id='line_1_6' title="bbox 133 803 1357 888; baseline 0.003 -20"><span class='ocrx_word' id='word_1_46' title='bbox 133 804 322 868; x_wconf 70' lang='lat' dir='ltr'>serenissimi</span> <span class='ocrx_word' id='word_1_47' title='bbox 336 803 397 866; x_wconf 85' lang='lat' dir='ltr'>diei</span> <span class='ocrx_word' id='word_1_48' title='bbox 416 805 509 866; x_wconf 83' lang='lat' dir='ltr'>instar</span> <span class='ocrx_word' id='word_1_49' title='bbox 523 806 678 870; x_wconf 75' lang='lat' dir='ltr'>trabum-it.</span> <span class='ocrx_word' id='word_1_50' title='bbox 701 808 778 867; x_wconf 77' lang='lat' dir='ltr'>Haec</span> <span class='ocrx_word' id='word_1_51' title='bbox 792 808 938 886; x_wconf 77' lang='lat' dir='ltr'>splendido</span> <span class='ocrx_word' id='word_1_52' title='bbox 954 822 1028 886; x_wconf 74' lang='lat' dir='ltr'>nos,</span> <span class='ocrx_word' id='word_1_53' title='bbox 1045 806 1156 888; x_wconf 89' lang='lat' dir='ltr'>inquit,</span> <span class='ocrx_word' id='word_1_54' title='bbox 1173 817 1296 872; x_wconf 73' lang='lat' dir='ltr'>arconate</span> <span class='ocrx_word' id='word_1_55' title='bbox 1310 813 1357 872; x_wconf 79' lang='lat' dir='ltr'>ia·</span> 
     </span>
     <span class='ocr_line' id='line_1_7' title="bbox 132 892 1357 975; baseline 0.004 -20"><span class='ocrx_word' id='word_1_56' title='bbox 132 896 257 955; x_wconf 77' lang='lat' dir='ltr'>sniatbns</span> <span class='ocrx_word' id='word_1_57' title='bbox 273 908 334 954; x_wconf 82' lang='lat' dir='ltr'>cant</span> <span class='ocrx_word' id='word_1_58' title='bbox 351 895 410 953; x_wconf 83' lang='lat' dir='ltr'>mle</span> <span class='ocrx_word' id='word_1_59' title='bbox 425 898 561 954; x_wconf 81' lang='lat' dir='ltr'>matutino</span> <span class='ocrx_word' id='word_1_60' title='bbox 576 912 664 954; x_wconf 75' lang='lat' dir='ltr'>ratim</span> <span class='ocrx_word' id='word_1_61' title='bbox 680 902 763 973; x_wconf 74' lang='lat' dir='ltr'>pinet</span> <span class='ocrx_word' id='word_1_62' title='bbox 778 892 850 955; x_wconf 81' lang='lat' dir='ltr'>diem</span> <span class='ocrx_word' id='word_1_63' title='bbox 863 892 974 970; x_wconf 69' lang='lat' dir='ltr'>eflicit,</span> <span class='ocrx_word' id='word_1_64' title='bbox 998 904 1030 956; x_wconf 83' lang='lat' dir='ltr'>ot</span> <span class='ocrx_word' id='word_1_65' title='bbox 1044 896 1116 956; x_wconf 81' lang='lat' dir='ltr'>tttod</span> <span class='ocrx_word' id='word_1_66' title='bbox 1138 898 1287 975; x_wconf 77' lang='lat' dir='ltr'>propbetas</span> <span class='ocrx_word' id='word_1_67' title='bbox 1301 902 1357 960; x_wconf 81' lang='lat' dir='ltr'>inr-</span> 
     </span>
     <span class='ocr_line' id='line_1_8' title="bbox 133 978 1356 1063; baseline 0.006 -21"><span class='ocrx_word' id='word_1_68' title='bbox 133 978 266 1063; x_wconf 80' lang='lat' dir='ltr'>pleuter:</span> <span class='ocrx_word' id='word_1_69' title='bbox 292 982 338 1040; x_wconf 79' lang='lat' dir='ltr'>ido</span> <span class='ocrx_word' id='word_1_70' title='bbox 353 980 477 1056; x_wconf 78' lang='lat' dir='ltr'>midine,</span> <span class='ocrx_word' id='word_1_71' title='bbox 503 984 580 1061; x_wconf 77' lang='lat' dir='ltr'>prem</span> <span class='ocrx_word' id='word_1_72' title='bbox 596 984 661 1055; x_wconf 71' lang='lat' dir='ltr'>[ertt</span> <span class='ocrx_word' id='word_1_73' title='bbox 677 985 822 1054; x_wconf 77' lang='lat' dir='ltr'>damiam,</span> <span class='ocrx_word' id='word_1_74' title='bbox 847 993 877 1042; x_wconf 89' lang='lat' dir='ltr'>nt</span> <span class='ocrx_word' id='word_1_75' title='bbox 900 982 1054 1044; x_wconf 73' lang='lat' dir='ltr'>exstiteram</span> <span class='ocrx_word' id='word_1_76' title='bbox 1072 988 1098 1044; x_wconf 83' lang='lat' dir='ltr'>et</span> <span class='ocrx_word' id='word_1_77' title='bbox 1121 984 1356 1049; x_wconf 69' lang='lat' dir='ltr'>tressortem.</span> 
     </span>
     <span class='ocr_line' id='line_1_9' title="bbox 118 1052 1358 1147; baseline 0.004 -17"><span class='ocrx_word' id='word_1_78' title='bbox 118 1052 121 1086; x_wconf 84' lang='lat'><strong>¹</strong></span> <span class='ocrx_word' id='word_1_79' title='bbox 137 1070 221 1130; x_wconf 85' lang='lat' dir='ltr'>Sane</span> <span class='ocrx_word' id='word_1_80' title='bbox 237 1062 448 1129; x_wconf 75' lang='lat' dir='ltr'>Constantinus</span> <span class='ocrx_word' id='word_1_81' title='bbox 464 1066 508 1131; x_wconf 90' lang='grc' dir='ltr'>Μ.</span> <span class='ocrx_word' id='word_1_82' title='bbox 525 1076 644 1129; x_wconf 80' lang='lat' dir='ltr'>anctore</span> <span class='ocrx_word' id='word_1_83' title='bbox 661 1068 792 1131; x_wconf 78' lang='lat' dir='ltr'>Eusebio</span> <span class='ocrx_word' id='word_1_84' title='bbox 810 1070 846 1129; x_wconf 89' lang='lat' dir='ltr'>de</span> <span class='ocrx_word' id='word_1_85' title='bbox 861 1070 920 1146; x_wconf 81' lang='lat' dir='ltr'>vita</span> <span class='ocrx_word' id='word_1_86' title='bbox 931 1068 1032 1131; x_wconf 72' lang='lat' dir='ltr'>const.</span> <span class='ocrx_word' id='word_1_87' title='bbox 1048 1066 1079 1147; x_wconf 72' lang='grc'>4,</span> <span class='ocrx_word' id='word_1_88' title='bbox 1091 1070 1143 1133; x_wconf 77' lang='lat'>22.</span> <span class='ocrx_word' id='word_1_89' title='bbox 1159 1081 1273 1134; x_wconf 86' lang='lat' dir='ltr'>noctem</span> <span class='ocrx_word' id='word_1_90' title='bbox 1290 1084 1358 1136; x_wconf 86' lang='lat' dir='ltr'>note</span> 
     </span>
     <span class='ocr_line' id='line_1_10' title="bbox 137 1153 1357 1239; baseline 0.005 -22"><span class='ocrx_word' id='word_1_91' title='bbox 137 1153 252 1235; x_wconf 82' lang='lat' dir='ltr'>pascha</span> <span class='ocrx_word' id='word_1_92' title='bbox 277 1153 305 1213; x_wconf 91' lang='lat' dir='ltr'>in</span> <span class='ocrx_word' id='word_1_93' title='bbox 319 1154 457 1218; x_wconf 67' lang='lat' dir='ltr'>,diurnam</span> <span class='ocrx_word' id='word_1_94' title='bbox 474 1154 568 1216; x_wconf 86' lang='lat' dir='ltr'>lacem</span> <span class='ocrx_word' id='word_1_95' title='bbox 585 1164 779 1217; x_wconf 69' lang='lat' dir='ltr'><strong>commutasse</strong></span> <span class='ocrx_word' id='word_1_96' title='bbox 803 1156 1003 1231; x_wconf 73' lang='lat' dir='ltr'>fortunales,</span> <span class='ocrx_word' id='word_1_97' title='bbox 1029 1165 1067 1236; x_wconf 86' lang='lat' dir='ltr'>ut</span> <span class='ocrx_word' id='word_1_98' title='bbox 1083 1156 1218 1219; x_wconf 85' lang='lat' dir='ltr'>accensis</span> <span class='ocrx_word' id='word_1_99' title='bbox 1235 1158 1357 1239; x_wconf 75' lang='lat' dir='ltr'>ignibus</span> 
     </span>
     <span class='ocr_line' id='line_1_11' title="bbox 139 1234 1447 1325; baseline 0.005 -22"><span class='ocrx_word' id='word_1_100' title='bbox 139 1259 199 1303; x_wconf 87' lang='lat' dir='ltr'>nox</span> <span class='ocrx_word' id='word_1_101' title='bbox 215 1238 263 1302; x_wconf 83' lang='lat' dir='ltr'>die</span> <span class='ocrx_word' id='word_1_102' title='bbox 279 1236 385 1302; x_wconf 84' lang='lat' dir='ltr'>clarior</span> <span class='ocrx_word' id='word_1_103' title='bbox 401 1241 439 1302; x_wconf 89' lang='lat' dir='ltr'>sit</span> <span class='ocrx_word' id='word_1_104' title='bbox 456 1242 576 1304; x_wconf 86' lang='lat' dir='ltr'>reddita.</span> <span class='ocrx_word' id='word_1_105' title='bbox 609 1238 697 1305; x_wconf 79' lang='lat' dir='ltr'>Retio</span> <span class='ocrx_word' id='word_1_106' title='bbox 723 1243 809 1324; x_wconf 74' lang='lat' dir='ltr'>liujus</span> <span class='ocrx_word' id='word_1_107' title='bbox 827 1240 973 1324; x_wconf 76' lang='lat' dir='ltr'>pervigilii</span> <span class='ocrx_word' id='word_1_108' title='bbox 995 1242 1148 1323; x_wconf 84' lang='lat' dir='ltr'>paschalis</span> <span class='ocrx_word' id='word_1_109' title='bbox 1165 1246 1242 1325; x_wconf 84' lang='lat' dir='ltr'>apud</span> <span class='ocrx_word' id='word_1_110' title='bbox 1260 1246 1357 1309; x_wconf 84' lang='lat' dir='ltr'>isido-</span> <span class='ocrx_word' id='word_1_111' title='bbox 1445 1234 1447 1245; x_wconf 55' lang='lat'><strong>¹</strong></span> 
     </span>
     <span class='ocr_line' id='line_1_12' title="bbox 136 1328 1358 1411; baseline 0.007 -23"><span class='ocrx_word' id='word_1_112' title='bbox 136 1340 202 1393; x_wconf 75' lang='lat' dir='ltr'>rnen</span> <span class='ocrx_word' id='word_1_113' title='bbox 216 1328 331 1409; x_wconf 83' lang='lat' dir='ltr'>Hispal.</span> <span class='ocrx_word' id='word_1_114' title='bbox 349 1328 390 1389; x_wconf 88' lang='lat' dir='ltr'>ita</span> <span class='ocrx_word' id='word_1_115' title='bbox 406 1329 553 1390; x_wconf 83' lang='lat' dir='ltr'>redditur:</span> <span class='ocrx_word' id='word_1_116' title='bbox 572 1334 641 1392; x_wconf 80' lang='lat' dir='ltr'>Non</span> <span class='ocrx_word' id='word_1_117' title='bbox 656 1334 785 1410; x_wconf 77' lang='lat' dir='ltr'>porcione,</span> <span class='ocrx_word' id='word_1_118' title='bbox 800 1330 901 1411; x_wconf 82' lang='lat' dir='ltr'>inquit,</span> <span class='ocrx_word' id='word_1_119' title='bbox 918 1332 1034 1410; x_wconf 79' lang='lat' dir='ltr'>percipil</span> <span class='ocrx_word' id='word_1_120' title='bbox 1049 1334 1151 1411; x_wconf 77' lang='lat' dir='ltr'>dicitnr</span> <span class='ocrx_word' id='word_1_121' title='bbox 1166 1334 1200 1393; x_wconf 85' lang='lat' dir='ltr'>ob</span> <span class='ocrx_word' id='word_1_122' title='bbox 1217 1334 1290 1395; x_wconf 80' lang='lat' dir='ltr'>dune</span> <span class='ocrx_word' id='word_1_123' title='bbox 1306 1352 1358 1397; x_wconf 78' lang='lat' dir='ltr'>rs·</span> 
     </span>
     <span class='ocr_line' id='line_1_13' title="bbox 137 1414 1358 1497; baseline 0.004 -19"><span class='ocrx_word' id='word_1_124' title='bbox 137 1423 234 1494; x_wconf 81' lang='lat' dir='ltr'>tiones,</span> <span class='ocrx_word' id='word_1_125' title='bbox 251 1423 317 1495; x_wconf 78' lang='lat' dir='ltr'>perio</span> <span class='ocrx_word' id='word_1_126' title='bbox 334 1418 388 1477; x_wconf 84' lang='lat' dir='ltr'>bor</span> <span class='ocrx_word' id='word_1_127' title='bbox 402 1426 479 1478; x_wconf 81' lang='lat' dir='ltr'>nocte</span> <span class='ocrx_word' id='word_1_128' title='bbox 495 1420 628 1478; x_wconf 78' lang='lat' dir='ltr'>sotootor</span> <span class='ocrx_word' id='word_1_129' title='bbox 643 1414 813 1493; x_wconf 69' lang='lat' dir='ltr'>recepiret,</span> <span class='ocrx_word' id='word_1_130' title='bbox 837 1418 890 1477; x_wconf 78' lang='lat' dir='ltr'>lue</span> <span class='ocrx_word' id='word_1_131' title='bbox 902 1417 973 1496; x_wconf 59' lang='lat' dir='ltr'>&#39;illm</span> <span class='ocrx_word' id='word_1_132' title='bbox 997 1436 1069 1497; x_wconf 79' lang='lat' dir='ltr'>panc</span> <span class='ocrx_word' id='word_1_133' title='bbox 1089 1436 1198 1479; x_wconf 82' lang='lat' dir='ltr'>omnem</span> <span class='ocrx_word' id='word_1_134' title='bbox 1221 1423 1358 1483; x_wconf 79' lang='lat' dir='ltr'>bominem</span> 
     </span>
     <span class='ocr_line' id='line_1_14' title="bbox 98 1499 1357 1585; baseline 0.001 -16"><span class='ocrx_word' id='word_1_135' title='bbox 98 1499 297 1580; x_wconf 52' lang='lat' dir='ltr'>xxilluminet,</span> <span class='ocrx_word' id='word_1_136' title='bbox 322 1505 355 1563; x_wconf 86' lang='lat' dir='ltr'>de</span> <span class='ocrx_word' id='word_1_137' title='bbox 372 1507 477 1565; x_wconf 77' lang='lat' dir='ltr'>tametio</span> <span class='ocrx_word' id='word_1_138' title='bbox 491 1510 590 1566; x_wconf 70' lang='lat' dir='ltr'>semem</span> <span class='ocrx_word' id='word_1_139' title='bbox 604 1511 642 1566; x_wconf 86' lang='lat' dir='ltr'>sit</span> <span class='ocrx_word' id='word_1_140' title='bbox 665 1515 751 1566; x_wconf 79' lang='lat' dir='ltr'>ortae.</span> <span class='ocrx_word' id='word_1_141' title='bbox 784 1504 929 1565; x_wconf 85' lang='lat' dir='ltr'>Putarant</span> <span class='ocrx_word' id='word_1_142' title='bbox 952 1505 1043 1585; x_wconf 66' lang='lat' dir='ltr'>igitur</span> <span class='ocrx_word' id='word_1_143' title='bbox 1065 1514 1194 1582; x_wconf 80' lang='lat' dir='ltr'>veteres,</span> <span class='ocrx_word' id='word_1_144' title='bbox 1211 1527 1276 1570; x_wconf 88' lang='lat' dir='ltr'>uum</span> <span class='ocrx_word' id='word_1_145' title='bbox 1292 1508 1357 1570; x_wconf 84' lang='lat' dir='ltr'>sole</span> 
     </span>
     <span class='ocr_line' id='line_1_15' title="bbox 135 1590 1358 1673; baseline 0.004 -21"><span class='ocrx_word' id='word_1_146' title='bbox 135 1590 268 1673; x_wconf 88' lang='lat' dir='ltr'>justitiae</span> <span class='ocrx_word' id='word_1_147' title='bbox 284 1590 410 1652; x_wconf 81' lang='lat' dir='ltr'>excitato</span> <span class='ocrx_word' id='word_1_148' title='bbox 428 1591 514 1652; x_wconf 84' lang='lat' dir='ltr'>etiarn</span> <span class='ocrx_word' id='word_1_149' title='bbox 537 1591 593 1652; x_wconf 83' lang='lat' dir='ltr'>sibi</span> <span class='ocrx_word' id='word_1_150' title='bbox 610 1590 792 1671; x_wconf 71' lang='lat' dir='ltr'>uigilandum</span> <span class='ocrx_word' id='word_1_151' title='bbox 809 1590 885 1652; x_wconf 80' lang='lat' dir='ltr'>essi.</span> <span class='ocrx_word' id='word_1_152' title='bbox 915 1596 1015 1653; x_wconf 74' lang='lat' dir='ltr'>ntum</span> <span class='ocrx_word' id='word_1_153' title='bbox 1027 1599 1104 1654; x_wconf 67' lang='lat' dir='ltr'>rubo</span> <span class='ocrx_word' id='word_1_154' title='bbox 1120 1604 1176 1669; x_wconf 80' lang='lat' dir='ltr'>eet,</span> <span class='ocrx_word' id='word_1_155' title='bbox 1192 1597 1265 1672; x_wconf 81' lang='lat' dir='ltr'>qnod</span> <span class='ocrx_word' id='word_1_156' title='bbox 1279 1603 1358 1657; x_wconf 72' lang='lat' dir='ltr'>aab·</span> 
     </span>
     <span class='ocr_line' id='line_1_16' title="bbox 137 1674 1374 1761; baseline 0.004 -22"><span class='ocrx_word' id='word_1_157' title='bbox 137 1699 193 1759; x_wconf 78' lang='lat' dir='ltr'>prro</span> <span class='ocrx_word' id='word_1_158' title='bbox 208 1684 246 1739; x_wconf 84' lang='lat' dir='ltr'>eit</span> <span class='ocrx_word' id='word_1_159' title='bbox 262 1680 384 1756; x_wconf 80' lang='lat' dir='ltr'>traditio,</span> <span class='ocrx_word' id='word_1_160' title='bbox 401 1680 439 1738; x_wconf 88' lang='lat' dir='ltr'>ab</span> <span class='ocrx_word' id='word_1_161' title='bbox 456 1674 634 1760; x_wconf 77' lang='lat' dir='ltr'>Hieronymo</span> <span class='ocrx_word' id='word_1_162' title='bbox 659 1681 776 1760; x_wconf 85' lang='lat' dir='ltr'>(eornm.</span> <span class='ocrx_word' id='word_1_163' title='bbox 794 1677 825 1738; x_wconf 90' lang='lat' dir='ltr'>in</span> <span class='ocrx_word' id='word_1_164' title='bbox 841 1676 947 1742; x_wconf 78' lang='lat' dir='ltr'>Matri.</span> <span class='ocrx_word' id='word_1_165' title='bbox 964 1696 989 1742; x_wconf 88' lang='lat' dir='ltr'>c.</span> <span class='ocrx_word' id='word_1_166' title='bbox 1005 1678 1075 1757; x_wconf 80' lang='lat'>25.)</span> <span class='ocrx_word' id='word_1_167' title='bbox 1090 1679 1254 1760; x_wconf 83' lang='lat' dir='ltr'>apostolica</span> <span class='ocrx_word' id='word_1_168' title='bbox 1269 1682 1374 1761; x_wconf 82' lang='lat' dir='ltr'>dictu,.</span> 
     </span>
     <span class='ocr_line' id='line_1_17' title="bbox 141 1766 1358 1846; baseline 0.004 -20"><span class='ocrx_word' id='word_1_169' title='bbox 141 1771 291 1833; x_wconf 69' lang='lat' dir='ltr'>marinam</span> <span class='ocrx_word' id='word_1_170' title='bbox 306 1776 432 1827; x_wconf 76' lang='lat' dir='ltr'>nostratui</span> <span class='ocrx_word' id='word_1_171' title='bbox 449 1771 478 1825; x_wconf 74' lang='lat' dir='ltr'>d.</span> <span class='ocrx_word' id='word_1_172' title='bbox 500 1770 529 1826; x_wconf 76' lang='lat' dir='ltr'>d.</span> <span class='ocrx_word' id='word_1_173' title='bbox 548 1768 642 1827; x_wconf 85' lang='lat' dir='ltr'>endem</span> <span class='ocrx_word' id='word_1_174' title='bbox 658 1766 728 1828; x_wconf 78' lang='lat' dir='ltr'>noro</span> <span class='ocrx_word' id='word_1_175' title='bbox 745 1772 851 1843; x_wconf 77' lang='lat' dir='ltr'>accite,</span> <span class='ocrx_word' id='word_1_176' title='bbox 880 1789 934 1846; x_wconf 79' lang='lat' dir='ltr'>qno</span> <span class='ocrx_word' id='word_1_177' title='bbox 951 1772 1091 1844; x_wconf 72' lang='lat' dir='ltr'>currerit,</span> <span class='ocrx_word' id='word_1_178' title='bbox 1108 1769 1296 1845; x_wconf 70' lang='lat' dir='ltr'>adjudicium</span> <span class='ocrx_word' id='word_1_179' title='bbox 1310 1791 1358 1831; x_wconf 79' lang='lat' dir='ltr'>ee·</span> 
     </span>
     <span class='ocr_line' id='line_1_18' title="bbox 139 1852 1372 1933; baseline 0.003 -19"><span class='ocrx_word' id='word_1_180' title='bbox 139 1854 264 1914; x_wconf 61' lang='lat' dir='ltr'>&amp;torrem</span> <span class='ocrx_word' id='word_1_181' title='bbox 279 1873 345 1916; x_wconf 82' lang='lat' dir='ltr'>esse.</span> <span class='ocrx_word' id='word_1_182' title='bbox 378 1852 538 1925; x_wconf 70' lang='lat' dir='ltr'>Yolrnerunt</span> <span class='ocrx_word' id='word_1_183' title='bbox 566 1853 656 1933; x_wconf 72' lang='lat' dir='ltr'>igitar</span> <span class='ocrx_word' id='word_1_184' title='bbox 680 1863 793 1915; x_wconf 79' lang='lat' dir='ltr'>veteres</span> <span class='ocrx_word' id='word_1_185' title='bbox 811 1853 919 1932; x_wconf 75' lang='lat' dir='ltr'>vipiliis</span> <span class='ocrx_word' id='word_1_186' title='bbox 942 1853 1007 1914; x_wconf 88' lang='lat' dir='ltr'>istis</span> <span class='ocrx_word' id='word_1_187' title='bbox 1021 1856 1176 1916; x_wconf 79' lang='lat' dir='ltr'>adventum</span> <span class='ocrx_word' id='word_1_188' title='bbox 1193 1853 1304 1918; x_wconf 79' lang='lat' dir='ltr'>Christi</span> <span class='ocrx_word' id='word_1_189' title='bbox 1320 1858 1372 1931; x_wconf 39' lang='lat' dir='ltr'>sd„</span> 
     </span>
     <span class='ocr_line' id='line_1_19' title="bbox 133 1938 1357 2025; baseline 0.002 -24"><span class='ocrx_word' id='word_1_190' title='bbox 133 1938 279 2020; x_wconf 84' lang='lat' dir='ltr'>judicium</span> <span class='ocrx_word' id='word_1_191' title='bbox 297 1940 345 2020; x_wconf 90' lang='lat' dir='ltr'>pie</span> <span class='ocrx_word' id='word_1_192' title='bbox 361 1939 519 2018; x_wconf 87' lang='lat' dir='ltr'>expectari.</span> <span class='ocrx_word' id='word_1_193' title='bbox 537 1974 578 1986; x_wconf 87' lang='lat'>-·-</span> <span class='ocrx_word' id='word_1_194' title='bbox 596 1942 623 2025; x_wconf 67' lang='lat'>§-</span> <span class='ocrx_word' id='word_1_195' title='bbox 640 1941 671 2002; x_wconf 87' lang='grc'>3.</span> <span class='ocrx_word' id='word_1_196' title='bbox 687 1942 771 2021; x_wconf 79' lang='lat' dir='ltr'>Apud</span> <span class='ocrx_word' id='word_1_197' title='bbox 787 1939 956 2002; x_wconf 83' lang='lat' dir='ltr'>Pontificius</span> <span class='ocrx_word' id='word_1_198' title='bbox 973 1942 1096 2002; x_wconf 82' lang='lat' dir='ltr'>sabbato</span> <span class='ocrx_word' id='word_1_199' title='bbox 1112 1960 1220 2021; x_wconf 75' lang='lat' dir='ltr'>magno</span> <span class='ocrx_word' id='word_1_200' title='bbox 1235 1941 1267 2003; x_wconf 83' lang='lat' dir='ltr'>ti</span> <span class='ocrx_word' id='word_1_201' title='bbox 1281 1942 1357 2005; x_wconf 86' lang='lat' dir='ltr'>ritus</span> 
     </span>
     <span class='ocr_line' id='line_1_20' title="bbox 139 2018 1359 2107; baseline 0.005 -21"><span class='ocrx_word' id='word_1_202' title='bbox 139 2033 210 2086; x_wconf 85' lang='lat' dir='ltr'>suut</span> <span class='ocrx_word' id='word_1_203' title='bbox 225 2024 335 2087; x_wconf 86' lang='lat' dir='ltr'>usitati.</span> <span class='ocrx_word' id='word_1_204' title='bbox 369 2024 471 2104; x_wconf 72' lang='lat' dir='ltr'>ignem</span> <span class='ocrx_word' id='word_1_205' title='bbox 489 2036 614 2089; x_wconf 84' lang='lat' dir='ltr'>veterem</span> <span class='ocrx_word' id='word_1_206' title='bbox 632 2044 745 2088; x_wconf 88' lang='lat' dir='ltr'>omnem</span> <span class='ocrx_word' id='word_1_207' title='bbox 761 2026 789 2086; x_wconf 93' lang='lat' dir='ltr'>in</span> <span class='ocrx_word' id='word_1_208' title='bbox 816 2018 930 2107; x_wconf 87' lang='lat' dir='ltr'>templis</span> <span class='ocrx_word' id='word_1_209' title='bbox 954 2024 1130 2106; x_wconf 79' lang='lat' dir='ltr'>extinguunt</span> <span class='ocrx_word' id='word_1_210' title='bbox 1154 2037 1182 2088; x_wconf 85' lang='lat' dir='ltr'>et</span> <span class='ocrx_word' id='word_1_211' title='bbox 1197 2048 1304 2091; x_wconf 84' lang='lat' dir='ltr'>norum</span> <span class='ocrx_word' id='word_1_212' title='bbox 1320 2051 1359 2092; x_wconf 85' lang='lat' dir='ltr'>ex</span> 
     </span>
     <span class='ocr_line' id='line_1_21' title="bbox 138 2108 1360 2197; baseline 0.002 -22"><span class='ocrx_word' id='word_1_213' title='bbox 138 2110 262 2194; x_wconf 80' lang='lat' dir='ltr'>chalybe</span> <span class='ocrx_word' id='word_1_214' title='bbox 278 2111 400 2181; x_wconf 85' lang='lat' dir='ltr'>eliciunt</span> <span class='ocrx_word' id='word_1_215' title='bbox 416 2126 541 2195; x_wconf 83' lang='lat' dir='ltr'>eamque</span> <span class='ocrx_word' id='word_1_216' title='bbox 558 2124 741 2190; x_wconf 86' lang='lat' dir='ltr'>consecrant,</span> <span class='ocrx_word' id='word_1_217' title='bbox 754 2132 791 2175; x_wconf 83' lang='lat' dir='ltr'>ex</span> <span class='ocrx_word' id='word_1_218' title='bbox 809 2114 863 2175; x_wconf 88' lang='lat' dir='ltr'>boc</span> <span class='ocrx_word' id='word_1_219' title='bbox 881 2114 950 2192; x_wconf 77' lang='lat' dir='ltr'>igne</span> <span class='ocrx_word' id='word_1_220' title='bbox 963 2108 1075 2194; x_wconf 76' lang='lat' dir='ltr'>sing-nli</span> <span class='ocrx_word' id='word_1_221' title='bbox 1092 2123 1198 2178; x_wconf 83' lang='lat' dir='ltr'>torrem</span> <span class='ocrx_word' id='word_1_222' title='bbox 1214 2115 1360 2197; x_wconf 84' lang='lat' dir='ltr'>arripiunt</span> 
     </span>
     <span class='ocr_line' id='line_1_22' title="bbox 139 2198 1360 2282; baseline 0.001 -18"><span class='ocrx_word' id='word_1_223' title='bbox 139 2218 264 2280; x_wconf 80' lang='lat' dir='ltr'>eumque</span> <span class='ocrx_word' id='word_1_224' title='bbox 279 2201 396 2261; x_wconf 79' lang='lat' dir='ltr'>domum</span> <span class='ocrx_word' id='word_1_225' title='bbox 412 2201 511 2262; x_wconf 81' lang='lat' dir='ltr'>lerunt</span> <span class='ocrx_word' id='word_1_226' title='bbox 528 2208 556 2262; x_wconf 86' lang='lat' dir='ltr'>ct</span> <span class='ocrx_word' id='word_1_227' title='bbox 572 2200 713 2263; x_wconf 85' lang='lat' dir='ltr'>beneficio</span> <span class='ocrx_word' id='word_1_228' title='bbox 731 2198 813 2262; x_wconf 79' lang='lat' dir='ltr'>illin&#39;s</span> <span class='ocrx_word' id='word_1_229' title='bbox 838 2201 923 2263; x_wconf 87' lang='lat' dir='ltr'>torris</span> <span class='ocrx_word' id='word_1_230' title='bbox 940 2223 993 2282; x_wconf 89' lang='lat' dir='ltr'>per</span> <span class='ocrx_word' id='word_1_231' title='bbox 1010 2208 1099 2262; x_wconf 85' lang='lat' dir='ltr'>tulum</span> <span class='ocrx_word' id='word_1_232' title='bbox 1115 2220 1224 2262; x_wconf 85' lang='lat' dir='ltr'>anuum</span> <span class='ocrx_word' id='word_1_233' title='bbox 1242 2200 1360 2282; x_wconf 81' lang='lat' dir='ltr'>injuriis</span> 
     </span>
     <span class='ocr_line' id='line_1_23' title="bbox 137 2286 1360 2365; baseline 0.001 -15"><span class='ocrx_word' id='word_1_234' title='bbox 137 2287 214 2350; x_wconf 82' lang='lat' dir='ltr'>coeli</span> <span class='ocrx_word' id='word_1_235' title='bbox 232 2297 261 2350; x_wconf 88' lang='lat' dir='ltr'>et</span> <span class='ocrx_word' id='word_1_236' title='bbox 277 2288 316 2348; x_wconf 85' lang='lat' dir='ltr'>ab</span> <span class='ocrx_word' id='word_1_237' title='bbox 330 2286 465 2365; x_wconf 78' lang='lat' dir='ltr'>incendio</span> <span class='ocrx_word' id='word_1_238' title='bbox 483 2309 515 2351; x_wconf 87' lang='lat' dir='ltr'>se</span> <span class='ocrx_word' id='word_1_239' title='bbox 534 2298 611 2349; x_wconf 86' lang='lat' dir='ltr'>tutos</span> <span class='ocrx_word' id='word_1_240' title='bbox 627 2287 691 2350; x_wconf 84' lang='lat' dir='ltr'>iore</span> <span class='ocrx_word' id='word_1_241' title='bbox 708 2288 891 2350; x_wconf 79' lang='lat' dir='ltr'>existimant·</span> <span class='ocrx_word' id='word_1_242' title='bbox 917 2288 1043 2364; x_wconf 85' lang='lat' dir='ltr'>Nescio,</span> <span class='ocrx_word' id='word_1_243' title='bbox 1061 2306 1158 2350; x_wconf 88' lang='lat' dir='ltr'>annon</span> <span class='ocrx_word' id='word_1_244' title='bbox 1174 2286 1212 2350; x_wconf 85' lang='lat' dir='ltr'>ab</span> <span class='ocrx_word' id='word_1_245' title='bbox 1227 2287 1285 2350; x_wconf 83' lang='lat' dir='ltr'>hnc</span> <span class='ocrx_word' id='word_1_246' title='bbox 1301 2286 1360 2351; x_wconf 87' lang='lat' dir='ltr'>ritu</span> 
     </span>
     <span class='ocr_line' id='line_1_24' title="bbox 136 2368 1360 2456; baseline 0.001 -20"><span class='ocrx_word' id='word_1_247' title='bbox 136 2376 171 2436; x_wconf 91' lang='lat' dir='ltr'>in</span> <span class='ocrx_word' id='word_1_248' title='bbox 186 2384 304 2437; x_wconf 76' lang='lat' dir='ltr'>nostres</span> <span class='ocrx_word' id='word_1_249' title='bbox 322 2374 464 2437; x_wconf 87' lang='lat' dir='ltr'>ecclesias</span> <span class='ocrx_word' id='word_1_250' title='bbox 480 2374 560 2456; x_wconf 80' lang='lat' dir='ltr'>ignis</span> <span class='ocrx_word' id='word_1_251' title='bbox 578 2374 725 2456; x_wconf 85' lang='lat' dir='ltr'>paschalis</span> <span class='ocrx_word' id='word_1_252' title='bbox 742 2368 903 2456; x_wconf 70' lang='lat' dir='ltr'>irrepserit.</span> <span class='ocrx_word' id='word_1_253' title='bbox 936 2376 1067 2438; x_wconf 79' lang='lat' dir='ltr'>Sabbato</span> <span class='ocrx_word' id='word_1_254' title='bbox 1084 2394 1192 2456; x_wconf 80' lang='lat' dir='ltr'>niagno</span> <span class='ocrx_word' id='word_1_255' title='bbox 1212 2368 1360 2438; x_wconf 81' lang='lat' dir='ltr'>Pontificii</span> 
     </span>
     <span class='ocr_line' id='line_1_25' title="bbox 139 2458 1361 2543; baseline 0.002 -20"><span class='ocrx_word' id='word_1_256' title='bbox 139 2463 289 2542; x_wconf 75' lang='lat' dir='ltr'>ingentem</span> <span class='ocrx_word' id='word_1_257' title='bbox 307 2478 423 2524; x_wconf 78' lang='lat' dir='ltr'>cereum</span> <span class='ocrx_word' id='word_1_258' title='bbox 440 2473 624 2539; x_wconf 86' lang='lat' dir='ltr'>consecrant,</span> <span class='ocrx_word' id='word_1_259' title='bbox 637 2462 687 2543; x_wconf 81' lang='lat' dir='ltr'>qui</span> <span class='ocrx_word' id='word_1_260' title='bbox 703 2463 852 2542; x_wconf 80' lang='lat' dir='ltr'>paschaiis</span> <span class='ocrx_word' id='word_1_261' title='bbox 865 2460 922 2523; x_wconf 90' lang='lat' dir='ltr'>dici</span> <span class='ocrx_word' id='word_1_262' title='bbox 934 2463 1019 2525; x_wconf 88' lang='lat' dir='ltr'>solet.</span> <span class='ocrx_word' id='word_1_263' title='bbox 1045 2462 1077 2522; x_wconf 91' lang='lat' dir='ltr'>ln</span> <span class='ocrx_word' id='word_1_264' title='bbox 1093 2463 1149 2524; x_wconf 88' lang='lat' dir='ltr'>isto</span> <span class='ocrx_word' id='word_1_265' title='bbox 1166 2483 1252 2525; x_wconf 88' lang='lat' dir='ltr'>cereo</span> <span class='ocrx_word' id='word_1_266' title='bbox 1269 2458 1361 2526; x_wconf 87' lang='lat' dir='ltr'>multa</span> 
     </span>
     <span class='ocr_line' id='line_1_26' title="bbox 140 2540 1360 2633; baseline 0.002 -22"><span class='ocrx_word' id='word_1_267' title='bbox 140 2559 210 2611; x_wconf 86' lang='lat' dir='ltr'>snut</span> <span class='ocrx_word' id='word_1_268' title='bbox 225 2547 378 2633; x_wconf 71' lang='lat' dir='ltr'>rorantia,</span> <span class='ocrx_word' id='word_1_269' title='bbox 396 2548 502 2629; x_wconf 81' lang='lat' dir='ltr'>quibus</span> <span class='ocrx_word' id='word_1_270' title='bbox 519 2568 573 2629; x_wconf 74' lang='lat' dir='ltr'>gro</span> <span class='ocrx_word' id='word_1_271' title='bbox 584 2570 614 2611; x_wconf 74' lang='lat' dir='ltr'>ra</span> <span class='ocrx_word' id='word_1_272' title='bbox 639 2546 733 2611; x_wconf 86' lang='lat' dir='ltr'>tbnris</span> <span class='ocrx_word' id='word_1_273' title='bbox 756 2546 900 2630; x_wconf 74' lang='lat' dir='ltr'>injiciunt.</span> <span class='ocrx_word' id='word_1_274' title='bbox 933 2544 1001 2613; x_wconf 81' lang='lat' dir='ltr'>lile.</span> <span class='ocrx_word' id='word_1_275' title='bbox 1013 2568 1119 2610; x_wconf 89' lang='lat' dir='ltr'>cereus</span> <span class='ocrx_word' id='word_1_276' title='bbox 1143 2551 1180 2610; x_wconf 88' lang='lat' dir='ltr'>de</span> <span class='ocrx_word' id='word_1_277' title='bbox 1196 2567 1271 2612; x_wconf 86' lang='lat' dir='ltr'>nono</span> <span class='ocrx_word' id='word_1_278' title='bbox 1287 2540 1360 2629; x_wconf 82' lang='lat' dir='ltr'>igue</span> 
     </span>
     <span class='ocr_line' id='line_1_27' title="bbox 140 2632 1360 2718; baseline -0.002 -18"><span class='ocrx_word' id='word_1_279' title='bbox 140 2633 279 2718; x_wconf 83' lang='lat' dir='ltr'>paschali</span> <span class='ocrx_word' id='word_1_280' title='bbox 290 2636 459 2699; x_wconf 71' lang='lat' dir='ltr'>accenditur</span> <span class='ocrx_word' id='word_1_281' title='bbox 473 2636 505 2703; x_wconf 88' lang='lat' dir='ltr'>in</span> <span class='ocrx_word' id='word_1_282' title='bbox 522 2636 661 2698; x_wconf 79' lang='lat' dir='ltr'>honorem</span> <span class='ocrx_word' id='word_1_283' title='bbox 673 2635 784 2699; x_wconf 76' lang='lat' dir='ltr'>Christi</span> <span class='ocrx_word' id='word_1_284' title='bbox 803 2635 995 2717; x_wconf 80' lang='lat' dir='ltr'>resurgentis.</span> <span class='ocrx_word' id='word_1_285' title='bbox 1022 2632 1133 2697; x_wconf 83' lang='lat' dir='ltr'>Eodem</span> <span class='ocrx_word' id='word_1_286' title='bbox 1150 2634 1197 2696; x_wconf 88' lang='lat' dir='ltr'>die</span> <span class='ocrx_word' id='word_1_287' title='bbox 1213 2633 1243 2696; x_wconf 90' lang='lat' dir='ltr'>iu</span> <span class='ocrx_word' id='word_1_288' title='bbox 1260 2634 1360 2717; x_wconf 84' lang='lat' dir='ltr'>bapti-</span> 
     </span>
     <span class='ocr_line' id='line_1_28' title="bbox 140 2720 1361 2805; baseline 0.001 -20"><span class='ocrx_word' id='word_1_289' title='bbox 140 2721 233 2785; x_wconf 88' lang='lat' dir='ltr'>steria</span> <span class='ocrx_word' id='word_1_290' title='bbox 248 2740 352 2785; x_wconf 79' lang='lat' dir='ltr'>noram</span> <span class='ocrx_word' id='word_1_291' title='bbox 371 2741 475 2804; x_wconf 82' lang='lat' dir='ltr'>aquam</span> <span class='ocrx_word' id='word_1_292' title='bbox 490 2720 648 2785; x_wconf 85' lang='lat' dir='ltr'>inlundunl</span> <span class='ocrx_word' id='word_1_293' title='bbox 658 2740 780 2803; x_wconf 83' lang='lat' dir='ltr'>caraque</span> <span class='ocrx_word' id='word_1_294' title='bbox 794 2725 830 2784; x_wconf 93' lang='lat' dir='ltr'>ad</span> <span class='ocrx_word' id='word_1_295' title='bbox 844 2743 929 2785; x_wconf 85' lang='lat' dir='ltr'>usum</span> <span class='ocrx_word' id='word_1_296' title='bbox 944 2721 1078 2805; x_wconf 80' lang='lat' dir='ltr'>baptismi</span> <span class='ocrx_word' id='word_1_297' title='bbox 1095 2732 1280 2800; x_wconf 85' lang='lat' dir='ltr'>consecrant,</span> <span class='ocrx_word' id='word_1_298' title='bbox 1290 2725 1361 2787; x_wconf 83' lang='lat' dir='ltr'>duur</span> 
     </span>
     <span class='ocr_line' id='line_1_29' title="bbox 142 2801 1361 2898; baseline 0 -27"><span class='ocrx_word' id='word_1_299' title='bbox 142 2808 253 2871; x_wconf 74' lang='lat' dir='ltr'>iontem</span> <span class='ocrx_word' id='word_1_300' title='bbox 269 2801 404 2890; x_wconf 73' lang='lat' dir='ltr'>baptismi</span> <span class='ocrx_word' id='word_1_301' title='bbox 422 2813 560 2873; x_wconf 88' lang='lat' dir='ltr'>sacerdos</span> <span class='ocrx_word' id='word_1_302' title='bbox 571 2811 673 2872; x_wconf 81' lang='lat' dir='ltr'>nonies</span> <span class='ocrx_word' id='word_1_303' title='bbox 691 2809 833 2888; x_wconf 82' lang='lat' dir='ltr'>circumit,</span> <span class='ocrx_word' id='word_1_304' title='bbox 848 2819 891 2872; x_wconf 84' lang='lat' dir='ltr'>ter</span> <span class='ocrx_word' id='word_1_305' title='bbox 907 2829 1012 2890; x_wconf 86' lang='lat' dir='ltr'>aquam</span> <span class='ocrx_word' id='word_1_306' title='bbox 1030 2808 1132 2888; x_wconf 76' lang='lat' dir='ltr'>tangit,</span> <span class='ocrx_word' id='word_1_307' title='bbox 1150 2830 1236 2871; x_wconf 85' lang='lat' dir='ltr'>cruce</span> <span class='ocrx_word' id='word_1_308' title='bbox 1252 2811 1361 2898; x_wconf 74' lang='lat' dir='ltr'>signat,</span> 
     </span>
     <span class='ocr_line' id='line_1_30' title="bbox 141 2894 1387 2979; baseline 0 -20"><span class='ocrx_word' id='word_1_309' title='bbox 141 2896 225 2959; x_wconf 87' lang='lat' dir='ltr'>alilat</span> <span class='ocrx_word' id='word_1_310' title='bbox 242 2907 270 2958; x_wconf 87' lang='lat' dir='ltr'>et</span> <span class='ocrx_word' id='word_1_311' title='bbox 286 2896 435 2959; x_wconf 84' lang='lat' dir='ltr'>candelam</span> <span class='ocrx_word' id='word_1_312' title='bbox 461 2898 576 2979; x_wconf 55' lang='lat' dir='ltr'>injicit.¹</span> <span class='ocrx_word' id='word_1_313' title='bbox 593 2894 680 2959; x_wconf 83' lang='lat' dir='ltr'>Hauc</span> <span class='ocrx_word' id='word_1_314' title='bbox 702 2914 809 2978; x_wconf 78' lang='lat' dir='ltr'>aquam</span> <span class='ocrx_word' id='word_1_315' title='bbox 833 2907 934 2959; x_wconf 88' lang='lat' dir='ltr'>contra</span> <span class='ocrx_word' id='word_1_316' title='bbox 949 2898 1068 2958; x_wconf 82' lang='lat' dir='ltr'>morbos</span> <span class='ocrx_word' id='word_1_317' title='bbox 1084 2894 1252 2958; x_wconf 86' lang='lat' dir='ltr'>hominibus</span> <span class='ocrx_word' id='word_1_318' title='bbox 1268 2903 1296 2958; x_wconf 87' lang='lat' dir='ltr'>et</span> <span class='ocrx_word' id='word_1_319' title='bbox 1307 2898 1361 2979; x_wconf 84' lang='lat' dir='ltr'>ju·</span> <span class='ocrx_word' id='word_1_320' title='bbox 1384 2898 1387 2905; x_wconf 76' lang='grc'><strong>“</strong></span> 
     </span>
     <span class='ocr_line' id='line_1_31' title="bbox 82 2980 1362 3071; baseline -0.002 -24"><span class='ocrx_word' id='word_1_321' title='bbox 82 3064 89 3071; x_wconf 22' lang='grc' dir='ltr'>ἱ</span> <span class='ocrx_word' id='word_1_322' title='bbox 142 2984 248 3047; x_wconf 83' lang='lat' dir='ltr'>urentis</span> <span class='ocrx_word' id='word_1_323' title='bbox 265 2986 407 3064; x_wconf 78' lang='lat' dir='ltr'>prodesse</span> <span class='ocrx_word' id='word_1_324' title='bbox 423 2980 604 3048; x_wconf 75' lang='lat' dir='ltr'>fabulantur.</span> <span class='ocrx_word' id='word_1_325' title='bbox 638 2984 773 3065; x_wconf 74' lang='lat' dir='ltr'>Denique</span> <span class='ocrx_word' id='word_1_326' title='bbox 798 2984 920 3046; x_wconf 87' lang='lat' dir='ltr'>sabbato</span> <span class='ocrx_word' id='word_1_327' title='bbox 936 3000 1045 3064; x_wconf 76' lang='lat' dir='ltr'>magno</span> <span class='ocrx_word' id='word_1_328' title='bbox 1066 2982 1182 3065; x_wconf 85' lang='lat' dir='ltr'>jejunia</span> <span class='ocrx_word' id='word_1_329' title='bbox 1196 2982 1362 3064; x_wconf 79' lang='lat' dir='ltr'>solvuntur,</span> 
     </span>
     <span class='ocr_line' id='line_1_32' title="bbox 19 3068 1362 3153; baseline -0.001 -18"><span class='ocrx_word' id='word_1_330' title='bbox 19 3122 21 3135; x_wconf 75' lang='grc'>,</span> <span class='ocrx_word' id='word_1_331' title='bbox 142 3070 246 3134; x_wconf 85' lang='lat' dir='ltr'>altaria</span> <span class='ocrx_word' id='word_1_332' title='bbox 262 3071 366 3133; x_wconf 85' lang='lat' dir='ltr'>iterum</span> <span class='ocrx_word' id='word_1_333' title='bbox 383 3072 535 3153; x_wconf 85' lang='lat' dir='ltr'>splendide</span> <span class='ocrx_word' id='word_1_334' title='bbox 552 3082 701 3149; x_wconf 88' lang='lat' dir='ltr'>ornantur,</span> <span class='ocrx_word' id='word_1_335' title='bbox 719 3090 878 3152; x_wconf 87' lang='lat' dir='ltr'>campanae</span> <span class='ocrx_word' id='word_1_336' title='bbox 898 3068 1052 3152; x_wconf 79' lang='lat' dir='ltr'>pulsantur</span> <span class='ocrx_word' id='word_1_337' title='bbox 1075 3080 1131 3133; x_wconf 88' lang='lat' dir='ltr'>etr.</span> <span class='ocrx_word' id='word_1_338' title='bbox 1161 3070 1246 3148; x_wconf 75' lang='lat' dir='ltr'>Quae</span> <span class='ocrx_word' id='word_1_339' title='bbox 1263 3070 1362 3134; x_wconf 87' lang='lat' dir='ltr'>omnia</span> 
     </span>
     <span class='ocr_line' id='line_1_33' title="bbox 142 3158 1286 3240; baseline -0.001 -20"><span class='ocrx_word' id='word_1_340' title='bbox 142 3158 391 3239; x_wconf 66' lang='lat' dir='ltr'>Thomas‘Nuog.</span> <span class='ocrx_word' id='word_1_341' title='bbox 410 3158 429 3219; x_wconf 90' lang='lat' dir='ltr'>l.</span> <span class='ocrx_word' id='word_1_342' title='bbox 447 3158 467 3218; x_wconf 91' lang='grc' dir='ltr'>Ι.</span> <span class='ocrx_word' id='word_1_343' title='bbox 485 3158 636 3240; x_wconf 77' lang='lat' dir='ltr'>eleganter</span> <span class='ocrx_word' id='word_1_344' title='bbox 653 3159 836 3240; x_wconf 78' lang='lat' dir='ltr'>perstringit.</span> <span class='ocrx_word' id='word_1_345' title='bbox 1282 3190 1286 3197; x_wconf 91' lang='lat'><strong>·</strong></span> 
     </span>
    </p>

    <p class='ocr_par' dir='ltr' id='par_1_3' title="bbox 143 3242 1409 3675">
     <span class='ocr_line' id='line_1_34' title="bbox 229 3242 1361 3327; baseline -0.001 -19"><span class='ocrx_word' id='word_1_346' title='bbox 229 3245 286 3309; x_wconf 85' lang='lat' dir='ltr'>De</span> <span class='ocrx_word' id='word_1_347' title='bbox 307 3242 484 3325; x_wconf 77' lang='lat' dir='ltr'>Vigiliis.</span> <span class='ocrx_word' id='word_1_348' title='bbox 515 3246 678 3309; x_wconf 78' lang='lat' dir='ltr'>Occasione</span> <span class='ocrx_word' id='word_1_349' title='bbox 695 3242 842 3327; x_wconf 81' lang='lat' dir='ltr'>pervigilii</span> <span class='ocrx_word' id='word_1_350' title='bbox 859 3242 1024 3325; x_wconf 85' lang='lat' dir='ltr'>paschalis,</span> <span class='ocrx_word' id='word_1_351' title='bbox 1050 3264 1108 3322; x_wconf 88' lang='lat' dir='ltr'>quo</span> <span class='ocrx_word' id='word_1_352' title='bbox 1132 3243 1245 3304; x_wconf 88' lang='lat' dir='ltr'>nullum</span> <span class='ocrx_word' id='word_1_353' title='bbox 1260 3243 1292 3304; x_wconf 89' lang='lat' dir='ltr'>iu</span> <span class='ocrx_word' id='word_1_354' title='bbox 1308 3262 1361 3307; x_wconf 83' lang='lat' dir='ltr'>vc-</span> 
     </span>
     <span class='ocr_line' id='line_1_35' title="bbox 143 3326 1362 3414; baseline -0.001 -21"><span class='ocrx_word' id='word_1_355' title='bbox 143 3334 197 3395; x_wconf 84' lang='lat' dir='ltr'>teri</span> <span class='ocrx_word' id='word_1_356' title='bbox 214 3332 342 3396; x_wconf 85' lang='lat' dir='ltr'>eeclesia</span> <span class='ocrx_word' id='word_1_357' title='bbox 357 3326 413 3393; x_wconf 83' lang='lat' dir='ltr'>init</span> <span class='ocrx_word' id='word_1_358' title='bbox 430 3333 571 3409; x_wconf 85' lang='lat' dir='ltr'>sanctius,</span> <span class='ocrx_word' id='word_1_359' title='bbox 585 3330 695 3414; x_wconf 88' lang='lat' dir='ltr'>aliquid</span> <span class='ocrx_word' id='word_1_360' title='bbox 713 3335 748 3394; x_wconf 87' lang='lat' dir='ltr'>de</span> <span class='ocrx_word' id='word_1_361' title='bbox 759 3330 870 3413; x_wconf 81' lang='lat' dir='ltr'>vigiliis</span> <span class='ocrx_word' id='word_1_362' title='bbox 881 3338 1009 3393; x_wconf 86' lang='lat' dir='ltr'>veterum</span> <span class='ocrx_word' id='word_1_363' title='bbox 1021 3326 1164 3390; x_wconf 84' lang='lat' dir='ltr'>dicemus.</span> <span class='ocrx_word' id='word_1_364' title='bbox 1191 3328 1247 3391; x_wconf 90' lang='lat' dir='ltr'>Ubi</span> <span class='ocrx_word' id='word_1_365' title='bbox 1260 3328 1362 3392; x_wconf 89' lang='lat' dir='ltr'>scien-</span> 
     </span>
     <span class='ocr_line' id='line_1_36' title="bbox 143 3414 1409 3501; baseline -0.002 -19"><span class='ocrx_word' id='word_1_366' title='bbox 143 3422 212 3482; x_wconf 85' lang='lat' dir='ltr'>dum</span> <span class='ocrx_word' id='word_1_367' title='bbox 228 3430 281 3497; x_wconf 85' lang='lat' dir='ltr'>est,</span> <span class='ocrx_word' id='word_1_368' title='bbox 295 3430 426 3501; x_wconf 82' lang='lat' dir='ltr'>ternpore</span> <span class='ocrx_word' id='word_1_369' title='bbox 441 3421 649 3501; x_wconf 81' lang='lat' dir='ltr'>Apostolorum</span> <span class='ocrx_word' id='word_1_370' title='bbox 667 3430 695 3481; x_wconf 91' lang='lat' dir='ltr'>et</span> <span class='ocrx_word' id='word_1_371' title='bbox 710 3420 761 3482; x_wconf 89' lang='lat' dir='ltr'>diu</span> <span class='ocrx_word' id='word_1_372' title='bbox 789 3429 854 3501; x_wconf 89' lang='lat' dir='ltr'>post</span> <span class='ocrx_word' id='word_1_373' title='bbox 867 3416 1042 3482; x_wconf 81' lang='lat' dir='ltr'>Christianis</span> <span class='ocrx_word' id='word_1_374' title='bbox 1059 3417 1096 3478; x_wconf 90' lang='lat' dir='ltr'>ob</span> <span class='ocrx_word' id='word_1_375' title='bbox 1109 3426 1221 3497; x_wconf 67' lang='lat' dir='ltr'>graves</span> <span class='ocrx_word' id='word_1_376' title='bbox 1237 3414 1363 3481; x_wconf 85' lang='lat' dir='ltr'>insidias</span> <span class='ocrx_word' id='word_1_377' title='bbox 1406 3470 1409 3479; x_wconf 79' lang='grc'>,</span> 
     </span>
     <span class='ocr_line' id='line_1_37' title="bbox 143 3502 1363 3587; baseline -0.004 -18"><span class='ocrx_word' id='word_1_378' title='bbox 143 3518 173 3569; x_wconf 84' lang='lat' dir='ltr'>et</span> <span class='ocrx_word' id='word_1_379' title='bbox 194 3508 349 3570; x_wconf 83' lang='lat' dir='ltr'>continuas</span> <span class='ocrx_word' id='word_1_380' title='bbox 373 3508 596 3587; x_wconf 85' lang='lat' dir='ltr'>persecutiones</span> <span class='ocrx_word' id='word_1_381' title='bbox 621 3508 747 3570; x_wconf 81' lang='lat' dir='ltr'>interdiu</span> <span class='ocrx_word' id='word_1_382' title='bbox 769 3511 805 3568; x_wconf 87' lang='lat' dir='ltr'>ad</span> <span class='ocrx_word' id='word_1_383' title='bbox 831 3527 917 3569; x_wconf 87' lang='lat' dir='ltr'>sacra</span> <span class='ocrx_word' id='word_1_384' title='bbox 940 3502 1061 3585; x_wconf 88' lang='lat' dir='ltr'>publica</span> <span class='ocrx_word' id='word_1_385' title='bbox 1083 3503 1239 3567; x_wconf 86' lang='lat' dir='ltr'>convenire</span> <span class='ocrx_word' id='word_1_386' title='bbox 1255 3502 1306 3567; x_wconf 87' lang='lat' dir='ltr'>vix</span> <span class='ocrx_word' id='word_1_387' title='bbox 1322 3502 1363 3565; x_wconf 88' lang='lat' dir='ltr'>li-</span> 
     </span>
     <span class='ocr_line' id='line_1_38' title="bbox 146 3590 1363 3675; baseline -0.002 -21"><span class='ocrx_word' id='word_1_388' title='bbox 146 3594 254 3658; x_wconf 86' lang='lat' dir='ltr'>culsse.</span> <span class='ocrx_word' id='word_1_389' title='bbox 288 3594 377 3656; x_wconf 87' lang='lat' dir='ltr'>Primi</span> <span class='ocrx_word' id='word_1_390' title='bbox 403 3594 668 3675; x_wconf 72' lang='lat' dir='ltr'>igitnrcbristiani</span> <span class='ocrx_word' id='word_1_391' title='bbox 694 3603 795 3657; x_wconf 88' lang='lat' dir='ltr'>coetus</span> <span class='ocrx_word' id='word_1_392' title='bbox 820 3604 977 3673; x_wconf 85' lang='lat' dir='ltr'>nocturnos</span> <span class='ocrx_word' id='word_1_393' title='bbox 995 3602 1023 3653; x_wconf 89' lang='lat' dir='ltr'>et</span> <span class='ocrx_word' id='word_1_394' title='bbox 1038 3590 1233 3657; x_wconf 84' lang='lat' dir='ltr'>antelucanos</span> <span class='ocrx_word' id='word_1_395' title='bbox 1248 3592 1363 3653; x_wconf 88' lang='lat' dir='ltr'>babue-</span> 
     </span>
    </p>

    <p class='ocr_par' dir='ltr' id='par_1_4' title="bbox 65 3676 1365 4286">
     <span class='ocr_line' id='line_1_39' title="bbox 65 3676 1362 3763; baseline -0.005 -20"><span class='ocrx_word' id='word_1_396' title='bbox 65 3734 69 3743; x_wconf 56' lang='lat'>.</span> <span class='ocrx_word' id='word_1_397' title='bbox 145 3688 223 3758; x_wconf 86' lang='lat' dir='ltr'>runt,</span> <span class='ocrx_word' id='word_1_398' title='bbox 239 3689 325 3762; x_wconf 88' lang='lat' dir='ltr'>pront</span> <span class='ocrx_word' id='word_1_399' title='bbox 339 3702 378 3743; x_wconf 85' lang='lat' dir='ltr'>ex</span> <span class='ocrx_word' id='word_1_400' title='bbox 395 3682 517 3763; x_wconf 86' lang='lat' dir='ltr'>epistola</span> <span class='ocrx_word' id='word_1_401' title='bbox 534 3682 623 3745; x_wconf 78' lang='lat' dir='ltr'>Plinii</span> <span class='ocrx_word' id='word_1_402' title='bbox 641 3692 763 3744; x_wconf 85' lang='lat' dir='ltr'>constat.</span> <span class='ocrx_word' id='word_1_403' title='bbox 798 3682 933 3762; x_wconf 84' lang='lat' dir='ltr'>inprimis</span> <span class='ocrx_word' id='word_1_404' title='bbox 949 3686 1045 3741; x_wconf 88' lang='lat' dir='ltr'>antem</span> <span class='ocrx_word' id='word_1_405' title='bbox 1062 3698 1127 3741; x_wconf 90' lang='lat' dir='ltr'>cum</span> <span class='ocrx_word' id='word_1_406' title='bbox 1144 3678 1297 3739; x_wconf 79' lang='lat' dir='ltr'>solemnius</span> <span class='ocrx_word' id='word_1_407' title='bbox 1313 3676 1362 3738; x_wconf 89' lang='lat' dir='ltr'>in-</span> 
     </span>
     <span class='ocr_line' id='line_1_40' title="bbox 145 3763 1363 3851; baseline -0.001 -23"><span class='ocrx_word' id='word_1_408' title='bbox 145 3776 238 3830; x_wconf 86' lang='lat' dir='ltr'>staret</span> <span class='ocrx_word' id='word_1_409' title='bbox 255 3768 372 3846; x_wconf 83' lang='lat' dir='ltr'>festum,</span> <span class='ocrx_word' id='word_1_410' title='bbox 390 3780 485 3851; x_wconf 81' lang='lat' dir='ltr'>arneto</span> <span class='ocrx_word' id='word_1_411' title='bbox 504 3790 619 3851; x_wconf 86' lang='lat' dir='ltr'>quoqne</span> <span class='ocrx_word' id='word_1_412' title='bbox 635 3779 714 3832; x_wconf 87' lang='lat' dir='ltr'>metu</span> <span class='ocrx_word' id='word_1_413' title='bbox 732 3769 984 3850; x_wconf 82' lang='lat' dir='ltr'>persecutionum,</span> <span class='ocrx_word' id='word_1_414' title='bbox 1002 3774 1087 3827; x_wconf 86' lang='lat' dir='ltr'>nocte</span> <span class='ocrx_word' id='word_1_415' title='bbox 1105 3765 1223 3844; x_wconf 82' lang='lat' dir='ltr'>praevia</span> <span class='ocrx_word' id='word_1_416' title='bbox 1240 3763 1363 3844; x_wconf 81' lang='lat' dir='ltr'>vigilare</span> 
     </span>
     <span class='ocr_line' id='line_1_41' title="bbox 145 3850 1364 3937; baseline -0.002 -19"><span class='ocrx_word' id='word_1_417' title='bbox 145 3855 224 3918; x_wconf 84' lang='lat' dir='ltr'>soliti</span> <span class='ocrx_word' id='word_1_418' title='bbox 242 3866 319 3934; x_wconf 84' lang='lat' dir='ltr'>sunt,</span> <span class='ocrx_word' id='word_1_419' title='bbox 331 3858 573 3937; x_wconf 83' lang='lat' dir='ltr'>quemadmodum</span> <span class='ocrx_word' id='word_1_420' title='bbox 584 3854 790 3918; x_wconf 79' lang='lat' dir='ltr'>Tertullianus</span> <span class='ocrx_word' id='word_1_421' title='bbox 800 3857 861 3936; x_wconf 87' lang='lat' dir='ltr'>jam</span> <span class='ocrx_word' id='word_1_422' title='bbox 873 3876 928 3916; x_wconf 89' lang='lat' dir='ltr'>suc</span> <span class='ocrx_word' id='word_1_423' title='bbox 941 3874 1014 3916; x_wconf 85' lang='lat' dir='ltr'>acro</span> <span class='ocrx_word' id='word_1_424' title='bbox 1028 3851 1212 3933; x_wconf 81' lang='lat' dir='ltr'>pervigilium</span> <span class='ocrx_word' id='word_1_425' title='bbox 1223 3850 1364 3933; x_wconf 85' lang='lat' dir='ltr'>paschale</span> 
     </span>
     <span class='ocr_line' id='line_1_42' title="bbox 144 3932 1364 4024; baseline -0.002 -19"><span class='ocrx_word' id='word_1_426' title='bbox 144 3952 295 4005; x_wconf 86' lang='lat' dir='ltr'>memorat.</span> <span class='ocrx_word' id='word_1_427' title='bbox 328 3942 394 4005; x_wconf 81' lang='lat' dir='ltr'>lise</span> <span class='ocrx_word' id='word_1_428' title='bbox 418 3954 514 4005; x_wconf 86' lang='lat' dir='ltr'>autern</span> <span class='ocrx_word' id='word_1_429' title='bbox 530 3932 651 4024; x_wconf 76' lang='lat' dir='ltr'>vigiliae</span> <span class='ocrx_word' id='word_1_430' title='bbox 675 3943 865 4005; x_wconf 85' lang='lat' dir='ltr'>communiter</span> <span class='ocrx_word' id='word_1_431' title='bbox 886 3943 914 4002; x_wconf 91' lang='lat' dir='ltr'>in</span> <span class='ocrx_word' id='word_1_432' title='bbox 933 3938 1115 4002; x_wconf 85' lang='lat' dir='ltr'>coemeteriis</span> <span class='ocrx_word' id='word_1_433' title='bbox 1135 3939 1221 4018; x_wconf 83' lang='lat' dir='ltr'>juxta</span> <span class='ocrx_word' id='word_1_434' title='bbox 1238 3940 1364 4002; x_wconf 87' lang='lat' dir='ltr'>tumulos</span> 
     </span>
     <span class='ocr_line' id='line_1_43' title="bbox 144 4022 1364 4112; baseline -0.001 -21"><span class='ocrx_word' id='word_1_435' title='bbox 144 4038 303 4112; x_wconf 75' lang='lat' dir='ltr'>martyrum</span> <span class='ocrx_word' id='word_1_436' title='bbox 320 4030 383 4092; x_wconf 86' lang='lat' dir='ltr'>lieri</span> <span class='ocrx_word' id='word_1_437' title='bbox 403 4030 538 4093; x_wconf 88' lang='lat' dir='ltr'>solebant</span> <span class='ocrx_word' id='word_1_438' title='bbox 561 4030 720 4111; x_wconf 83' lang='lat' dir='ltr'>scribitque</span> <span class='ocrx_word' id='word_1_439' title='bbox 736 4031 959 4103; x_wconf 70' lang='lat' dir='ltr'>Theodoreus,</span> <span class='ocrx_word' id='word_1_440' title='bbox 984 4026 1052 4087; x_wconf 81' lang='lat' dir='ltr'>hist.</span> <span class='ocrx_word' id='word_1_441' title='bbox 1079 4025 1150 4087; x_wconf 91' lang='lat' dir='ltr'>cccl.</span> <span class='ocrx_word' id='word_1_442' title='bbox 1167 4022 1198 4103; x_wconf 76' lang='grc'>5,</span> <span class='ocrx_word' id='word_1_443' title='bbox 1216 4028 1284 4105; x_wconf 79' lang='grc'><strong>52.,</strong></span> <span class='ocrx_word' id='word_1_444' title='bbox 1300 4035 1364 4107; x_wconf 81' lang='lat' dir='ltr'>pci-</span> 
     </span>
     <span class='ocr_line' id='line_1_44' title="bbox 144 4114 1365 4197; baseline -0.003 -18"><span class='ocrx_word' id='word_1_445' title='bbox 144 4136 221 4179; x_wconf 81' lang='lat' dir='ltr'>nmm</span> <span class='ocrx_word' id='word_1_446' title='bbox 238 4122 328 4194; x_wconf 75' lang='lat' dir='ltr'>foisse</span> <span class='ocrx_word' id='word_1_447' title='bbox 344 4121 509 4180; x_wconf 80' lang='lat' dir='ltr'>Antiocbine</span> <span class='ocrx_word' id='word_1_448' title='bbox 525 4122 674 4178; x_wconf 77' lang='lat' dir='ltr'>Leontium</span> <span class='ocrx_word' id='word_1_449' title='bbox 690 4124 855 4197; x_wconf 74' lang='lat' dir='ltr'>episcopam,</span> <span class='ocrx_word' id='word_1_450' title='bbox 873 4122 920 4196; x_wconf 70' lang='lat' dir='ltr'>quei</span> <span class='ocrx_word' id='word_1_451' title='bbox 936 4116 1038 4194; x_wconf 84' lang='lat' dir='ltr'>popolo</span> <span class='ocrx_word' id='word_1_452' title='bbox 1054 4118 1233 4193; x_wconf 81' lang='lat' dir='ltr'>persenserit,</span> <span class='ocrx_word' id='word_1_453' title='bbox 1250 4120 1281 4175; x_wconf 81' lang='lat' dir='ltr'>at</span> <span class='ocrx_word' id='word_1_454' title='bbox 1295 4114 1365 4176; x_wconf 86' lang='lat' dir='ltr'>reli·</span> 
     </span>
     <span class='ocr_line' id='line_1_45' title="bbox 146 4200 1365 4286; baseline -0.003 -20"><span class='ocrx_word' id='word_1_455' title='bbox 146 4212 198 4266; x_wconf 78' lang='lat' dir='ltr'>ctis</span> <span class='ocrx_word' id='word_1_456' title='bbox 213 4208 367 4286; x_wconf 82' lang='lat' dir='ltr'>sepulubris</span> <span class='ocrx_word' id='word_1_457' title='bbox 382 4208 495 4285; x_wconf 81' lang='lat' dir='ltr'>cipilius</span> <span class='ocrx_word' id='word_1_458' title='bbox 509 4208 667 4284; x_wconf 69' lang='lat' dir='ltr'>interruptis</span> <span class='ocrx_word' id='word_1_459' title='bbox 690 4214 818 4284; x_wconf 80' lang='lat' dir='ltr'>opereat,</span> <span class='ocrx_word' id='word_1_460' title='bbox 844 4205 922 4285; x_wconf 83' lang='lat' dir='ltr'>quod</span> <span class='ocrx_word' id='word_1_461' title='bbox 944 4202 1056 4262; x_wconf 82' lang='lat' dir='ltr'>facturn</span> <span class='ocrx_word' id='word_1_462' title='bbox 1080 4210 1124 4262; x_wconf 91' lang='lat' dir='ltr'>est</span> <span class='ocrx_word' id='word_1_463' title='bbox 1147 4201 1227 4262; x_wconf 87' lang='lat' dir='ltr'>circa</span> <span class='ocrx_word' id='word_1_464' title='bbox 1249 4216 1277 4261; x_wconf 86' lang='lat' dir='ltr'>a.</span> <span class='ocrx_word' id='word_1_465' title='bbox 1295 4200 1365 4262; x_wconf 79' lang='lat' dir='ltr'>etr.</span> 
     </span>
    </p>

    <p class='ocr_par' dir='ltr' id='par_1_5' title="bbox 127 4285 1368 4549">
     <span class='ocr_line' id='line_1_46' title="bbox 127 4285 1365 4369; baseline -0.008 -14"><span class='ocrx_word' id='word_1_466' title='bbox 127 4292 222 4355; x_wconf 59' lang='lat'>³75.</span> <span class='ocrx_word' id='word_1_467' title='bbox 252 4290 362 4358; x_wconf 81' lang='lat' dir='ltr'>Verum</span> <span class='ocrx_word' id='word_1_468' title='bbox 380 4303 524 4355; x_wconf 81' lang='lat' dir='ltr'>nocturna</span> <span class='ocrx_word' id='word_1_469' title='bbox 539 4288 614 4353; x_wconf 86' lang='lat' dir='ltr'>hacc</span> <span class='ocrx_word' id='word_1_470' title='bbox 632 4310 734 4369; x_wconf 85' lang='lat' dir='ltr'>sacra,</span> <span class='ocrx_word' id='word_1_471' title='bbox 751 4293 813 4353; x_wconf 80' lang='lat' dir='ltr'>sire</span> <span class='ocrx_word' id='word_1_472' title='bbox 830 4294 865 4353; x_wconf 88' lang='lat' dir='ltr'>ad</span> <span class='ocrx_word' id='word_1_473' title='bbox 885 4288 1010 4351; x_wconf 78' lang='lat' dir='ltr'>turdulos</span> <span class='ocrx_word' id='word_1_474' title='bbox 1027 4285 1089 4350; x_wconf 83' lang='lat' dir='ltr'>sire</span> <span class='ocrx_word' id='word_1_475' title='bbox 1106 4287 1136 4348; x_wconf 92' lang='lat' dir='ltr'>in</span> <span class='ocrx_word' id='word_1_476' title='bbox 1161 4285 1277 4369; x_wconf 86' lang='lat' dir='ltr'>templis</span> <span class='ocrx_word' id='word_1_477' title='bbox 1294 4307 1365 4367; x_wconf 87' lang='lat' dir='ltr'>per-</span> 
     </span>
     <span class='ocr_line' id='line_1_47' title="bbox 146 4373 1367 4463; baseline -0.007 -22"><span class='ocrx_word' id='word_1_478' title='bbox 146 4387 318 4460; x_wconf 74' lang='lat' dir='ltr'>agerentur,</span> <span class='ocrx_word' id='word_1_479' title='bbox 327 4379 417 4463; x_wconf 83' lang='lat' dir='ltr'>lapsu</span> <span class='ocrx_word' id='word_1_480' title='bbox 434 4392 595 4462; x_wconf 86' lang='lat' dir='ltr'>temporam</span> <span class='ocrx_word' id='word_1_481' title='bbox 614 4378 711 4441; x_wconf 83' lang='lat' dir='ltr'>multis</span> <span class='ocrx_word' id='word_1_482' title='bbox 729 4376 893 4441; x_wconf 87' lang='lat' dir='ltr'>sceleribus</span> <span class='ocrx_word' id='word_1_483' title='bbox 910 4394 1011 4438; x_wconf 84' lang='lat' dir='ltr'>ansam</span> <span class='ocrx_word' id='word_1_484' title='bbox 1027 4377 1177 4453; x_wconf 83' lang='lat' dir='ltr'>dederunt,</span> <span class='ocrx_word' id='word_1_485' title='bbox 1195 4373 1367 4456; x_wconf 81' lang='lat' dir='ltr'>praesertim</span> 
     </span>
     <span class='ocr_line' id='line_1_48' title="bbox 147 4461 1368 4549; baseline -0.005 -22"><span class='ocrx_word' id='word_1_486' title='bbox 147 4486 186 4530; x_wconf 82' lang='lat' dir='ltr'>ex</span> <span class='ocrx_word' id='word_1_487' title='bbox 216 4462 374 4532; x_wconf 83' lang='lat' dir='ltr'>mulierum</span> <span class='ocrx_word' id='word_1_488' title='bbox 402 4489 538 4534; x_wconf 84' lang='lat' dir='ltr'>accessu.</span> <span class='ocrx_word' id='word_1_489' title='bbox 586 4464 665 4530; x_wconf 83' lang='lat' dir='ltr'>Hinc</span> <span class='ocrx_word' id='word_1_490' title='bbox 696 4469 826 4549; x_wconf 84' lang='lat' dir='ltr'>synodus</span> <span class='ocrx_word' id='word_1_491' title='bbox 845 4463 999 4541; x_wconf 84' lang='lat' dir='ltr'>Libertina</span> <span class='ocrx_word' id='word_1_492' title='bbox 1029 4472 1096 4525; x_wconf 90' lang='lat' dir='ltr'>ante</span> <span class='ocrx_word' id='word_1_493' title='bbox 1121 4482 1204 4527; x_wconf 83' lang='lat' dir='ltr'>corre.</span> <span class='ocrx_word' id='word_1_494' title='bbox 1223 4461 1368 4525; x_wconf 85' lang='lat' dir='ltr'>Nicenum</span> 
     </span>
    </p>
   </div>
   <div class='ocr_carea' id='block_1_3' title="bbox 1126 4563 1219 4627">
    <p class='ocr_par' dir='ltr' id='par_1_6' title="bbox 1126 4563 1219 4627">
     <span class='ocr_line' id='line_1_49' title="bbox 1126 4563 1219 4627; baseline -0.097 0"><span class='ocrx_word' id='word_1_495' title='bbox 1126 4563 1219 4627; x_wconf 48' lang='lat' dir='ltr'>ss</span> 
     </span>
    </p>
   </div>
   <div class='ocr_carea' id='block_1_4' title="bbox 0 0 1592 5066">
    <p class='ocr_par' dir='ltr' id='par_1_7' title="bbox 0 0 1592 5066">
     <span class='ocr_line' id='line_1_50' title="bbox 0 0 1592 5066; baseline 0 0"><span class='ocrx_word' id='word_1_496' title='bbox 0 0 1592 5066; x_wconf 95' lang='lat' dir='ltr'> </span> 
     </span>
    </p>
   </div>
  </div>
 </body>
</html>
