<?xml version="1.0" encoding="UTF-8"?>
<!DOCTYPE html PUBLIC "-//W3C//DTD XHTML 1.0 Transitional//EN"
    "http://www.w3.org/TR/xhtml1/DTD/xhtml1-transitional.dtd">
<html xmlns="http://www.w3.org/1999/xhtml" xml:lang="en" lang="en">
 <head>
  <title>
</title>
<meta http-equiv="Content-Type" content="text/html;charset=utf-8" />
  <meta name='ocr-system' content='tesseract 3.04.00' />
  <meta name='ocr-capabilities' content='ocr_page ocr_carea ocr_par ocr_line ocrx_word'/>
</head>
<body>
  <div class='ocr_page' id='page_1' title='image "./thesauruscommen03volbgoog_0169.png"; bbox 0 0 3144 5056; ppageno 0'>
   <div class='ocr_carea' id='block_1_1' title="bbox 172 278 1011 403">
    <p class='ocr_par' dir='ltr' id='par_1_1' title="bbox 172 278 1011 403">
     <span class='ocr_line' id='line_1_1' title="bbox 172 278 1011 403; baseline -0.001 -11"><span class='ocrx_word' id='word_1_1' title='bbox 172 362 175 367; x_wconf 94' lang='lat'>·</span> <span class='ocrx_word' id='word_1_2' title='bbox 226 332 294 403; x_wconf 73' lang='lat'><strong>140</strong></span> <span class='ocrx_word' id='word_1_3' title='bbox 406 390 409 397; x_wconf 85' lang='grc'><em>,</em></span> <span class='ocrx_word' id='word_1_4' title='bbox 690 328 729 395; x_wconf 80' lang='grc' dir='ltr'><strong>Ε.</strong></span> <span class='ocrx_word' id='word_1_5' title='bbox 743 328 782 395; x_wconf 77' lang='lat' dir='ltr'><strong>F.</strong></span> <span class='ocrx_word' id='word_1_6' title='bbox 797 278 976 399; x_wconf 65' lang='lat' dir='ltr'><strong>assutos</strong></span> <span class='ocrx_word' id='word_1_7' title='bbox 998 338 1011 373; x_wconf 79' lang='lat'><strong>&#39;-</strong></span> 
     </span>
    </p>
   </div>
   <div class='ocr_carea' id='block_1_2' title="bbox 194 492 1462 1985">
    <p class='ocr_par' dir='ltr' id='par_1_2' title="bbox 194 492 1462 1195">
     <span class='ocr_line' id='line_1_2' title="bbox 228 492 1447 585; baseline -0.005 -16"><span class='ocrx_word' id='word_1_8' title='bbox 228 506 420 582; x_wconf 84' lang='lat' dir='ltr'><strong>admisernut,</strong></span> <span class='ocrx_word' id='word_1_9' title='bbox 437 523 495 585; x_wconf 79' lang='lat' dir='ltr'><strong>quo</strong></span> <span class='ocrx_word' id='word_1_10' title='bbox 510 502 607 579; x_wconf 70' lang='lat' dir='ltr'><strong>mauis</strong></span> <span class='ocrx_word' id='word_1_11' title='bbox 623 510 683 565; x_wconf 87' lang='lat' dir='ltr'><strong>tum</strong></span> <span class='ocrx_word' id='word_1_12' title='bbox 707 502 850 564; x_wconf 86' lang='lat' dir='ltr'><strong>interesse</strong></span> <span class='ocrx_word' id='word_1_13' title='bbox 868 498 1022 581; x_wconf 73' lang='lat' dir='ltr'><strong>religionis</strong></span> <span class='ocrx_word' id='word_1_14' title='bbox 1041 492 1232 582; x_wconf 67' lang='lat' dir='ltr'><strong>judicabant,</strong></span> <span class='ocrx_word' id='word_1_15' title='bbox 1252 498 1447 581; x_wconf 80' lang='lat' dir='ltr'><strong>multiplicari</strong></span> 
     </span>
     <span class='ocr_line' id='line_1_3' title="bbox 194 585 1462 668; baseline -0.004 -12"><span class='ocrx_word' id='word_1_16' title='bbox 194 651 197 655; x_wconf 73' lang='grc'>,</span> <span class='ocrx_word' id='word_1_17' title='bbox 229 614 381 663; x_wconf 85' lang='lat' dir='ltr'><strong>numerum</strong></span> <span class='ocrx_word' id='word_1_18' title='bbox 397 592 538 653; x_wconf 89' lang='lat' dir='ltr'><strong>festorum</strong></span> <span class='ocrx_word' id='word_1_19' title='bbox 556 588 827 667; x_wconf 76' lang='lat' dir='ltr'><strong>christianornm*).</strong></span> <span class='ocrx_word' id='word_1_20' title='bbox 856 588 961 668; x_wconf 83' lang='lat' dir='ltr'><strong>Neque</strong></span> <span class='ocrx_word' id='word_1_21' title='bbox 978 585 1054 650; x_wconf 87' lang='lat' dir='ltr'><strong>euim</strong></span> <span class='ocrx_word' id='word_1_22' title='bbox 1072 585 1239 650; x_wconf 80' lang='lat' dir='ltr'><strong>memoriam</strong></span> <span class='ocrx_word' id='word_1_23' title='bbox 1257 593 1370 650; x_wconf 71' lang='lat' dir='ltr'><strong>mutum</strong></span> <span class='ocrx_word' id='word_1_24' title='bbox 1384 600 1462 652; x_wconf 82' lang='lat' dir='ltr'><strong>nu·&#39;</strong></span> 
     </span>
     <span class='ocr_line' id='line_1_4' title="bbox 229 673 1445 756; baseline -0.005 -11"><span class='ocrx_word' id='word_1_25' title='bbox 229 680 349 745; x_wconf 87' lang='lat' dir='ltr'><strong>tivitatis</strong></span> <span class='ocrx_word' id='word_1_26' title='bbox 366 678 485 753; x_wconf 78' lang='lat' dir='ltr'>Christi,</span> <span class='ocrx_word' id='word_1_27' title='bbox 500 699 602 741; x_wconf 83' lang='lat' dir='ltr'><strong>verum</strong></span> <span class='ocrx_word' id='word_1_28' title='bbox 620 674 705 739; x_wconf 91' lang='lat' dir='ltr'><strong>etiam</strong></span> <span class='ocrx_word' id='word_1_29' title='bbox 724 697 824 739; x_wconf 87' lang='lat' dir='ltr'><strong>corum</strong></span> <span class='ocrx_word' id='word_1_30' title='bbox 843 675 1049 737; x_wconf 85' lang='lat' dir='ltr'><strong>beneficiorum</strong></span> <span class='ocrx_word' id='word_1_31' title='bbox 1068 673 1213 753; x_wconf 89' lang='lat' dir='ltr'><strong>omnium,</strong></span> <span class='ocrx_word' id='word_1_32' title='bbox 1238 695 1361 756; x_wconf 83' lang='lat' dir='ltr'><strong>quorum</strong></span> <span class='ocrx_word' id='word_1_33' title='bbox 1377 697 1445 739; x_wconf 89' lang='lat' dir='ltr'><strong>me·</strong></span> 
     </span>
     <span class='ocr_line' id='line_1_5' title="bbox 229 762 1444 848; baseline -0.005 -17"><span class='ocrx_word' id='word_1_34' title='bbox 229 769 322 831; x_wconf 88' lang='lat' dir='ltr'><strong>moria</strong></span> <span class='ocrx_word' id='word_1_35' title='bbox 338 765 516 848; x_wconf 87' lang='lat' dir='ltr'><strong>conjunctim</strong></span> <span class='ocrx_word' id='word_1_36' title='bbox 533 787 593 827; x_wconf 92' lang='lat' dir='ltr'><strong>uno</strong></span> <span class='ocrx_word' id='word_1_37' title='bbox 611 768 786 846; x_wconf 72' lang='lat' dir='ltr'><strong><em>Epiphaniae</em></strong></span> <span class='ocrx_word' id='word_1_38' title='bbox 800 762 879 841; x_wconf 81' lang='lat' dir='ltr'><strong>festo</strong></span> <span class='ocrx_word' id='word_1_39' title='bbox 893 762 1105 843; x_wconf 75' lang='lat' dir='ltr'><strong>celebrabatur,</strong></span> <span class='ocrx_word' id='word_1_40' title='bbox 1130 762 1288 843; x_wconf 87' lang='lat' dir='ltr'><strong>separatim</strong></span> <span class='ocrx_word' id='word_1_41' title='bbox 1305 763 1444 843; x_wconf 88' lang='lat' dir='ltr'><strong>peeuiia·</strong></span> 
     </span>
     <span class='ocr_line' id='line_1_6' title="bbox 216 848 1445 931; baseline -0.004 -13"><span class='ocrx_word' id='word_1_42' title='bbox 216 858 311 918; x_wconf 76' lang='lat' dir='ltr'><strong>&#39;ribus</strong></span> <span class='ocrx_word' id='word_1_43' title='bbox 327 854 410 917; x_wconf 82' lang='lat' dir='ltr'><strong>festis</strong></span> <span class='ocrx_word' id='word_1_44' title='bbox 428 853 613 915; x_wconf 77' lang='lat' dir='ltr'>recolendam</span> <span class='ocrx_word' id='word_1_45' title='bbox 630 848 858 930; x_wconf 76' lang='lat' dir='ltr'><strong>statuerunt**).</strong></span> <span class='ocrx_word' id='word_1_46' title='bbox 888 850 1021 931; x_wconf 90' lang='lat' dir='ltr'><strong>Recepta</strong></span> <span class='ocrx_word' id='word_1_47' title='bbox 1038 859 1082 912; x_wconf 85' lang='lat' dir='ltr'><strong>est</strong></span> <span class='ocrx_word' id='word_1_48' title='bbox 1105 860 1201 912; x_wconf 90' lang='lat' dir='ltr'><strong>antem</strong></span> <span class='ocrx_word' id='word_1_49' title='bbox 1225 850 1363 913; x_wconf 89' lang='lat' dir='ltr'><strong>Romanu</strong></span> <span class='ocrx_word' id='word_1_50' title='bbox 1383 850 1445 913; x_wconf 84' lang='lat' dir='ltr'><strong>ista</strong></span> 
     </span>
     <span class='ocr_line' id='line_1_7' title="bbox 229 935 1442 1020; baseline -0.005 -15"><span class='ocrx_word' id='word_1_51' title='bbox 229 944 410 1005; x_wconf 72' lang='lat' dir='ltr'><strong>consuetudo</strong></span> <span class='ocrx_word' id='word_1_52' title='bbox 428 940 552 1020; x_wconf 89' lang='lat' dir='ltr'><strong>primum</strong></span> <span class='ocrx_word' id='word_1_53' title='bbox 567 936 926 1018; x_wconf 86' lang='lat' dir='ltr'><strong>aCoustautinopolitanis</strong></span> <span class='ocrx_word' id='word_1_54' title='bbox 944 956 1004 1000; x_wconf 85' lang='lat' dir='ltr'><strong>see.</strong></span> <span class='ocrx_word' id='word_1_55' title='bbox 1017 937 1066 1003; x_wconf 82' lang='lat' dir='ltr'><strong>tv.</strong></span> <span class='ocrx_word' id='word_1_56' title='bbox 1076 935 1146 1019; x_wconf 58' lang='lat' dir='ltr'><strong>m),</strong></span> <span class='ocrx_word' id='word_1_57' title='bbox 1162 936 1268 1000; x_wconf 89' lang='lat' dir='ltr'><strong>deiude</strong></span> <span class='ocrx_word' id='word_1_58' title='bbox 1285 938 1322 999; x_wconf 92' lang='lat' dir='ltr'><strong>ab</strong></span> <span class='ocrx_word' id='word_1_59' title='bbox 1340 937 1442 1000; x_wconf 87' lang='lat' dir='ltr'><strong>eosic-</strong></span> 
     </span>
     <span class='ocr_line' id='line_1_8' title="bbox 200 1023 1446 1110; baseline -0.001 -19"><span class='ocrx_word' id='word_1_60' title='bbox 200 1048 208 1065; x_wconf 56' lang='lat'><strong>⁸</strong></span> <span class='ocrx_word' id='word_1_61' title='bbox 229 1030 283 1091; x_wconf 89' lang='lat' dir='ltr'><strong>siis</strong></span> <span class='ocrx_word' id='word_1_62' title='bbox 307 1026 541 1110; x_wconf 66' lang='lat' dir='ltr'><strong>Aegyptiacisi)</strong></span> <span class='ocrx_word' id='word_1_63' title='bbox 569 1038 597 1089; x_wconf 90' lang='lat' dir='ltr'><strong>et</strong></span> <span class='ocrx_word' id='word_1_64' title='bbox 620 1023 895 1106; x_wconf 76' lang='lat' dir='ltr'><strong>Hierosolymitauis</strong></span> <span class='ocrx_word' id='word_1_65' title='bbox 919 1045 979 1087; x_wconf 84' lang='lat' dir='ltr'><strong>ser.</strong></span> <span class='ocrx_word' id='word_1_66' title='bbox 1007 1025 1040 1089; x_wconf 83' lang='lat' dir='ltr'><strong>V.</strong></span> <span class='ocrx_word' id='word_1_67' title='bbox 1051 1023 1118 1103; x_wconf 85' lang='lat'><strong>††).</strong></span> <span class='ocrx_word' id='word_1_68' title='bbox 1148 1023 1284 1104; x_wconf 89' lang='lat' dir='ltr'><strong>Denique</strong></span> <span class='ocrx_word' id='word_1_69' title='bbox 1309 1045 1371 1088; x_wconf 85' lang='lat' dir='ltr'><strong>sec.</strong></span> <span class='ocrx_word' id='word_1_70' title='bbox 1391 1025 1446 1090; x_wconf 82' lang='lat' dir='ltr'><strong>Vh.</strong></span> 
     </span>
     <span class='ocr_line' id='line_1_9' title="bbox 229 1110 1340 1195; baseline -0.001 -17"><span class='ocrx_word' id='word_1_71' title='bbox 229 1116 427 1178; x_wconf 74' lang='lat' dir='ltr'><strong>Asiaticorum</strong></span> <span class='ocrx_word' id='word_1_72' title='bbox 444 1135 553 1175; x_wconf 88' lang='lat' dir='ltr'><strong>morem</strong></span> <span class='ocrx_word' id='word_1_73' title='bbox 570 1117 606 1175; x_wconf 91' lang='lat' dir='ltr'><strong>de</strong></span> <span class='ocrx_word' id='word_1_74' title='bbox 623 1115 653 1176; x_wconf 88' lang='lat'><strong>8.</strong></span> <span class='ocrx_word' id='word_1_75' title='bbox 670 1113 708 1174; x_wconf 91' lang='lat' dir='ltr'><strong>id.</strong></span> <span class='ocrx_word' id='word_1_76' title='bbox 723 1114 786 1195; x_wconf 84' lang='lat' dir='ltr'><strong>jau.</strong></span> <span class='ocrx_word' id='word_1_77' title='bbox 805 1115 840 1174; x_wconf 90' lang='lat' dir='ltr'><strong>dc</strong></span> <span class='ocrx_word' id='word_1_78' title='bbox 857 1112 921 1173; x_wconf 88' lang='lat' dir='ltr'><strong>ioco</strong></span> <span class='ocrx_word' id='word_1_79' title='bbox 939 1111 1054 1191; x_wconf 88' lang='lat' dir='ltr'><strong>penitus</strong></span> <span class='ocrx_word' id='word_1_80' title='bbox 1072 1110 1199 1173; x_wconf 87' lang='lat' dir='ltr'><strong>movisse</strong></span> <span class='ocrx_word' id='word_1_81' title='bbox 1216 1112 1340 1177; x_wconf 85' lang='lat' dir='ltr'><strong>videtur.</strong></span> 
     </span>
    </p>

    <p class='ocr_par' dir='ltr' id='par_1_3' title="bbox 228 1178 1444 1808">
     <span class='ocr_line' id='line_1_10' title="bbox 316 1178 1443 1282; baseline -0.003 -17"><span class='ocrx_word' id='word_1_82' title='bbox 316 1205 377 1265; x_wconf 87' lang='lat' dir='ltr'><strong>Sed</strong></span> <span class='ocrx_word' id='word_1_83' title='bbox 393 1204 467 1264; x_wconf 85' lang='lat' dir='ltr'><strong>ritus</strong></span> <span class='ocrx_word' id='word_1_84' title='bbox 483 1201 537 1277; x_wconf 82' lang='lat' dir='ltr'><strong>iiii,</strong></span> <span class='ocrx_word' id='word_1_85' title='bbox 553 1178 699 1282; x_wconf 63' lang='lat' dir='ltr'><strong>qui&#39;oirca</strong></span> <span class='ocrx_word' id='word_1_86' title='bbox 716 1210 830 1281; x_wconf 89' lang='lat' dir='ltr'><strong>tempus</strong></span> <span class='ocrx_word' id='word_1_87' title='bbox 854 1198 1013 1262; x_wconf 82' lang='lat' dir='ltr'><strong>natiuitatis</strong></span> <span class='ocrx_word' id='word_1_88' title='bbox 1038 1197 1148 1260; x_wconf 75' lang='lat' dir='ltr'><strong>Christi</strong></span> <span class='ocrx_word' id='word_1_89' title='bbox 1170 1206 1199 1259; x_wconf 87' lang='lat' dir='ltr'><strong>et</strong></span> <span class='ocrx_word' id='word_1_90' title='bbox 1224 1197 1292 1260; x_wconf 87' lang='lat' dir='ltr'><strong>oiim</strong></span> <span class='ocrx_word' id='word_1_91' title='bbox 1310 1207 1339 1261; x_wconf 87' lang='lat' dir='ltr'><strong>et</strong></span> <span class='ocrx_word' id='word_1_92' title='bbox 1356 1199 1443 1262; x_wconf 88' lang='lat' dir='ltr'><strong>hodia</strong></span> 
     </span>
     <span class='ocr_line' id='line_1_11' title="bbox 230 1284 1444 1373; baseline -0.005 -20"><span class='ocrx_word' id='word_1_93' title='bbox 230 1312 345 1373; x_wconf 81' lang='lat' dir='ltr'><strong>quoque</strong></span> <span class='ocrx_word' id='word_1_94' title='bbox 370 1292 447 1372; x_wconf 89' lang='lat' dir='ltr'><strong>apud</strong></span> <span class='ocrx_word' id='word_1_95' title='bbox 464 1288 684 1371; x_wconf 88' lang='lat' dir='ltr'><strong>superstitiosos</strong></span> <span class='ocrx_word' id='word_1_96' title='bbox 701 1288 849 1363; x_wconf 81' lang='lat' dir='ltr'><strong>obtinent,</strong></span> <span class='ocrx_word' id='word_1_97' title='bbox 877 1286 950 1348; x_wconf 88' lang='lat' dir='ltr'><strong>satis</strong></span> <span class='ocrx_word' id='word_1_98' title='bbox 974 1285 1121 1364; x_wconf 85' lang='lat' dir='ltr'><strong>indicant,</strong></span> <span class='ocrx_word' id='word_1_99' title='bbox 1137 1286 1193 1348; x_wconf 89' lang='lat' dir='ltr'><strong>hoo</strong></span> <span class='ocrx_word' id='word_1_100' title='bbox 1209 1284 1317 1348; x_wconf 86' lang='lat' dir='ltr'><strong>sestam</strong></span> <span class='ocrx_word' id='word_1_101' title='bbox 1333 1285 1444 1348; x_wconf 88' lang='lat' dir='ltr'><strong>natulis</strong></span> 
     </span>
     <span class='ocr_line' id='line_1_12' title="bbox 230 1371 1443 1454; baseline -0.002 -14"><span class='ocrx_word' id='word_1_102' title='bbox 230 1379 338 1441; x_wconf 88' lang='lat' dir='ltr'><strong>Christi</strong></span> <span class='ocrx_word' id='word_1_103' title='bbox 364 1379 395 1439; x_wconf 92' lang='lat' dir='ltr'><strong>iu</strong></span> <span class='ocrx_word' id='word_1_104' title='bbox 418 1378 514 1438; x_wconf 82' lang='lat' dir='ltr'><strong>iorum</strong></span> <span class='ocrx_word' id='word_1_105' title='bbox 537 1375 720 1438; x_wconf 80' lang='lat' dir='ltr'><strong>successisse</strong></span> <span class='ocrx_word' id='word_1_106' title='bbox 750 1373 857 1436; x_wconf 85' lang='lat' dir='ltr'><strong>natalis</strong></span> <span class='ocrx_word' id='word_1_107' title='bbox 883 1372 1001 1450; x_wconf 80' lang='lat' dir='ltr'><strong>inuicti,</strong></span> <span class='ocrx_word' id='word_1_108' title='bbox 1025 1375 1103 1434; x_wconf 92' lang='lat' dir='ltr'><strong>uude</strong></span> <span class='ocrx_word' id='word_1_109' title='bbox 1120 1371 1204 1454; x_wconf 88' lang='lat' dir='ltr'><strong>quasi</strong></span> <span class='ocrx_word' id='word_1_110' title='bbox 1221 1372 1357 1436; x_wconf 80' lang='lat' dir='ltr'><strong>residuae</strong></span> <span class='ocrx_word' id='word_1_111' title='bbox 1373 1372 1443 1437; x_wconf 87' lang='lat' dir='ltr'><strong>iiius</strong></span> 
     </span>
     <span class='ocr_line' id='line_1_13' title="bbox 229 1459 1444 1547; baseline -0.003 -20"><span class='ocrx_word' id='word_1_112' title='bbox 229 1464 400 1547; x_wconf 78' lang='lat' dir='ltr'><strong>gentiiiismi</strong></span> <span class='ocrx_word' id='word_1_113' title='bbox 416 1459 549 1524; x_wconf 85' lang='lat' dir='ltr'><strong>ma&#39;cuiac</strong></span> <span class='ocrx_word' id='word_1_114' title='bbox 566 1462 718 1523; x_wconf 89' lang='lat' dir='ltr'><strong>inanimis</strong></span> <span class='ocrx_word' id='word_1_115' title='bbox 735 1460 815 1539; x_wconf 80' lang='lat' dir='ltr'><strong>vulgi</strong></span> <span class='ocrx_word' id='word_1_116' title='bbox 833 1459 1000 1522; x_wconf 84' lang='lat' dir='ltr'><strong>haeserunt.</strong></span> <span class='ocrx_word' id='word_1_117' title='bbox 1033 1460 1218 1541; x_wconf 77' lang='lat' dir='ltr'><strong>Quamquam</strong></span> <span class='ocrx_word' id='word_1_118' title='bbox 1236 1471 1264 1522; x_wconf 92' lang='lat' dir='ltr'><strong>et</strong></span> <span class='ocrx_word' id='word_1_119' title='bbox 1287 1483 1325 1524; x_wconf 87' lang='lat' dir='ltr'><strong>ex</strong></span> <span class='ocrx_word' id='word_1_120' title='bbox 1342 1469 1444 1523; x_wconf 86' lang='lat' dir='ltr'><strong>satur-</strong></span> 
     </span>
     <span class='ocr_line' id='line_1_14' title="bbox 229 1546 1443 1632; baseline -0.002 -21"><span class='ocrx_word' id='word_1_121' title='bbox 229 1550 356 1627; x_wconf 77' lang='lat' dir='ltr'><strong>nalibus,</strong></span> <span class='ocrx_word' id='word_1_122' title='bbox 372 1571 446 1632; x_wconf 87' lang='lat' dir='ltr'><strong>quae</strong></span> <span class='ocrx_word' id='word_1_123' title='bbox 464 1549 590 1611; x_wconf 84' lang='lat' dir='ltr'><strong>natalem</strong></span> <span class='ocrx_word' id='word_1_124' title='bbox 605 1546 716 1623; x_wconf 83' lang='lat' dir='ltr'><strong>inuicti,</strong></span> <span class='ocrx_word' id='word_1_125' title='bbox 733 1559 765 1610; x_wconf 91' lang='lat' dir='ltr'><strong>ut</strong></span> <span class='ocrx_word' id='word_1_126' title='bbox 781 1547 900 1627; x_wconf 78' lang='lat' dir='ltr'><strong>saepius</strong></span> <span class='ocrx_word' id='word_1_127' title='bbox 918 1547 1025 1609; x_wconf 88' lang='lat' dir='ltr'><strong>dictum</strong></span> <span class='ocrx_word' id='word_1_128' title='bbox 1044 1557 1097 1623; x_wconf 81' lang='lat' dir='ltr'><strong>est,</strong></span> <span class='ocrx_word' id='word_1_129' title='bbox 1125 1547 1258 1628; x_wconf 85' lang='lat' dir='ltr'><strong>proxime</strong></span> <span class='ocrx_word' id='word_1_130' title='bbox 1283 1551 1443 1615; x_wconf 85' lang='lat' dir='ltr'><strong>antecede·</strong></span> 
     </span>
     <span class='ocr_line' id='line_1_15' title="bbox 230 1634 1444 1718; baseline -0.001 -18"><span class='ocrx_word' id='word_1_131' title='bbox 230 1642 307 1714; x_wconf 86' lang='lat' dir='ltr'><strong>baut,</strong></span> <span class='ocrx_word' id='word_1_132' title='bbox 324 1660 383 1699; x_wconf 90' lang='lat' dir='ltr'><strong>nou</strong></span> <span class='ocrx_word' id='word_1_133' title='bbox 402 1635 703 1718; x_wconf 83' lang='lat' dir='ltr'><strong>paucaseeremouias</strong></span> <span class='ocrx_word' id='word_1_134' title='bbox 722 1655 812 1715; x_wconf 84' lang='lat' dir='ltr'><strong>prava</strong></span> <span class='ocrx_word' id='word_1_135' title='bbox 821 1642 872 1696; x_wconf 83' lang='lat' dir='ltr'><strong>aut</strong></span> <span class='ocrx_word' id='word_1_136' title='bbox 883 1635 989 1697; x_wconf 86' lang='lat' dir='ltr'><strong>misera</strong></span> <span class='ocrx_word' id='word_1_137' title='bbox 1000 1634 1148 1697; x_wconf 90' lang='lat' dir='ltr'><strong>hominum</strong></span> <span class='ocrx_word' id='word_1_138' title='bbox 1158 1634 1326 1717; x_wconf 83' lang='lat' dir='ltr'><strong>superstitio</strong></span> <span class='ocrx_word' id='word_1_139' title='bbox 1336 1636 1444 1700; x_wconf 89' lang='lat' dir='ltr'><strong>sumsit</strong></span> 
     </span>
     <span class='ocr_line' id='line_1_16' title="bbox 228 1720 1092 1808; baseline -0.002 -21"><span class='ocrx_word' id='word_1_140' title='bbox 228 1739 316 1808; x_wconf 84' lang='lat' dir='ltr'><strong>utque</strong></span> <span class='ocrx_word' id='word_1_141' title='bbox 333 1729 368 1788; x_wconf 91' lang='lat' dir='ltr'><strong>ad</strong></span> <span class='ocrx_word' id='word_1_142' title='bbox 386 1725 476 1787; x_wconf 80' lang='lat' dir='ltr'><strong>serias</strong></span> <span class='ocrx_word' id='word_1_143' title='bbox 493 1722 650 1785; x_wconf 84' lang='lat' dir='ltr'><strong>nativitatis</strong></span> <span class='ocrx_word' id='word_1_144' title='bbox 668 1720 778 1785; x_wconf 83' lang='lat' dir='ltr'><strong>Christi</strong></span> <span class='ocrx_word' id='word_1_145' title='bbox 796 1722 994 1785; x_wconf 82' lang='lat' dir='ltr'><strong>accomodavit</strong></span> <span class='ocrx_word' id='word_1_146' title='bbox 1002 1723 1092 1802; x_wconf 89' lang='lat'><strong>†††).</strong></span> 
     </span>
    </p>

    <p class='ocr_par' dir='ltr' id='par_1_4' title="bbox 228 1808 1442 1985">
     <span class='ocr_line' id='line_1_17' title="bbox 316 1808 1442 1891; baseline -0.004 -16"><span class='ocrx_word' id='word_1_147' title='bbox 316 1810 515 1875; x_wconf 84' lang='lat' dir='ltr'><strong>Saturnalium</strong></span> <span class='ocrx_word' id='word_1_148' title='bbox 532 1810 637 1872; x_wconf 86' lang='lat' dir='ltr'><strong>diebus</strong></span> <span class='ocrx_word' id='word_1_149' title='bbox 654 1820 817 1891; x_wconf 88' lang='lat' dir='ltr'><strong>exaequato</strong></span> <span class='ocrx_word' id='word_1_150' title='bbox 835 1808 962 1872; x_wconf 89' lang='lat' dir='ltr'><strong>omnium</strong></span> <span class='ocrx_word' id='word_1_151' title='bbox 978 1811 1046 1891; x_wconf 82' lang='lat' dir='ltr'><strong>jure</strong></span> <span class='ocrx_word' id='word_1_152' title='bbox 1063 1810 1172 1871; x_wconf 90' lang='lat' dir='ltr'><strong>domini</strong></span> <span class='ocrx_word' id='word_1_153' title='bbox 1194 1830 1296 1873; x_wconf 84' lang='lat' dir='ltr'><strong>servos</strong></span> <span class='ocrx_word' id='word_1_154' title='bbox 1322 1810 1442 1885; x_wconf 75' lang='lat' dir='ltr'><strong>maarai-</strong></span> 
     </span>
     <span class='ocr_line' id='line_1_18' title="bbox 228 1894 1442 1985; baseline -0.001 -23"><span class='ocrx_word' id='word_1_155' title='bbox 228 1899 284 1962; x_wconf 87' lang='lat' dir='ltr'><strong>iice</strong></span> <span class='ocrx_word' id='word_1_156' title='bbox 300 1921 335 1962; x_wconf 90' lang='lat' dir='ltr'><strong>ac</strong></span> <span class='ocrx_word' id='word_1_157' title='bbox 352 1900 472 1963; x_wconf 90' lang='lat' dir='ltr'><strong>comiter</strong></span> <span class='ocrx_word' id='word_1_158' title='bbox 488 1896 683 1983; x_wconf 84' lang='lat' dir='ltr'><strong>excipiebant,</strong></span> <span class='ocrx_word' id='word_1_159' title='bbox 700 1897 794 1963; x_wconf 87' lang='lat' dir='ltr'><strong>serris</strong></span> <span class='ocrx_word' id='word_1_160' title='bbox 811 1894 926 1961; x_wconf 87' lang='lat' dir='ltr'><strong>interim</strong></span> <span class='ocrx_word' id='word_1_161' title='bbox 943 1897 1035 1985; x_wconf 80' lang='lat' dir='ltr'><strong>iibere</strong></span> <span class='ocrx_word' id='word_1_162' title='bbox 1052 1910 1139 1980; x_wconf 90' lang='lat' dir='ltr'><strong>atque</strong></span> <span class='ocrx_word' id='word_1_163' title='bbox 1162 1896 1280 1980; x_wconf 91' lang='lat' dir='ltr'><strong>impune</strong></span> <span class='ocrx_word' id='word_1_164' title='bbox 1301 1896 1442 1963; x_wconf 85' lang='lat' dir='ltr'><strong>fabulan-</strong></span> 
     </span>
    </p>
   </div>
   <div class='ocr_carea' id='block_1_3' title="bbox 231 2040 470 2063">
    <p class='ocr_par' dir='ltr' id='par_1_5' title="bbox 231 2040 470 2063">
     <span class='ocr_line' id='line_1_19' title="bbox 231 2040 470 2063; baseline 0.004 -1"><span class='ocrx_word' id='word_1_165' title='bbox 231 2040 470 2063; x_wconf 58' lang='grc' dir='ltr'><strong>Υάι--ιιιιι-ι-ιιιι---ι</strong></span> 
     </span>
    </p>
   </div>
   <div class='ocr_carea' id='block_1_4' title="bbox 226 2136 1442 2619">
    <p class='ocr_par' dir='ltr' id='par_1_6' title="bbox 226 2136 1442 2619">
     <span class='ocr_line' id='line_1_20' title="bbox 296 2136 1442 2207; baseline -0.001 -16"><span class='ocrx_word' id='word_1_166' title='bbox 296 2137 328 2206; x_wconf 81' lang='grc'><strong>*)</strong></span> <span class='ocrx_word' id='word_1_167' title='bbox 348 2138 431 2191; x_wconf 81' lang='lat' dir='ltr'><strong>Erant</strong></span> <span class='ocrx_word' id='word_1_168' title='bbox 450 2140 523 2191; x_wconf 89' lang='lat' dir='ltr'><strong>initio</strong></span> <span class='ocrx_word' id='word_1_169' title='bbox 561 2145 649 2192; x_wconf 84' lang='lat' dir='ltr'><strong>raeter</strong></span> <span class='ocrx_word' id='word_1_170' title='bbox 662 2140 763 2207; x_wconf 80' lang='lat' dir='ltr'><strong>paseha</strong></span> <span class='ocrx_word' id='word_1_171' title='bbox 781 2148 806 2190; x_wconf 83' lang='lat' dir='ltr'><strong>et</strong></span> <span class='ocrx_word' id='word_1_172' title='bbox 823 2137 950 2189; x_wconf 79' lang='lat' dir='ltr'><strong>natalitio</strong></span> <span class='ocrx_word' id='word_1_173' title='bbox 969 2146 1111 2206; x_wconf 77' lang='lat' dir='ltr'><strong>martyrem</strong></span> <span class='ocrx_word' id='word_1_174' title='bbox 1128 2139 1173 2191; x_wconf 80' lang='lat' dir='ltr'><strong>vix</strong></span> <span class='ocrx_word' id='word_1_175' title='bbox 1191 2136 1257 2191; x_wconf 83' lang='lat' dir='ltr'><strong>festa</strong></span> <span class='ocrx_word' id='word_1_176' title='bbox 1271 2138 1396 2206; x_wconf 88' lang='lat' dir='ltr'><strong>quaedam</strong></span> <span class='ocrx_word' id='word_1_177' title='bbox 1414 2139 1442 2191; x_wconf 88' lang='lat' dir='ltr'><strong>in</strong></span> 
     </span>
     <span class='ocr_line' id='line_1_21' title="bbox 228 2155 1442 2276; baseline -0.002 -16"><span class='ocrx_word' id='word_1_178' title='bbox 228 2208 350 2270; x_wconf 81' lang='lat' dir='ltr'><strong>ecelesia,</strong></span> <span class='ocrx_word' id='word_1_179' title='bbox 373 2210 418 2260; x_wconf 86' lang='lat' dir='ltr'><strong>sed</strong></span> <span class='ocrx_word' id='word_1_180' title='bbox 437 2155 593 2276; x_wconf 77' lang='lat' dir='ltr'><strong>temporibus</strong></span> <span class='ocrx_word' id='word_1_181' title='bbox 615 2208 777 2260; x_wconf 79' lang='lat' dir='ltr'><strong>Constantini</strong></span> <span class='ocrx_word' id='word_1_182' title='bbox 798 2205 833 2259; x_wconf 86' lang='lat' dir='ltr'><strong>hi.</strong></span> <span class='ocrx_word' id='word_1_183' title='bbox 855 2208 889 2258; x_wconf 90' lang='lat' dir='ltr'><strong>ud</strong></span> <span class='ocrx_word' id='word_1_184' title='bbox 908 2207 1119 2260; x_wconf 86' lang='lat' dir='ltr'><strong>consuetudinem</strong></span> <span class='ocrx_word' id='word_1_185' title='bbox 1139 2209 1272 2272; x_wconf 70' lang='lat' dir='ltr'><strong>gentilium</strong></span> <span class='ocrx_word' id='word_1_186' title='bbox 1291 2209 1442 2259; x_wconf 86' lang='lat' dir='ltr'><strong>accomoda·</strong></span> 
     </span>
     <span class='ocr_line' id='line_1_22' title="bbox 227 2276 1440 2343; baseline 0.002 -16"><span class='ocrx_word' id='word_1_187' title='bbox 227 2277 323 2327; x_wconf 86' lang='lat' dir='ltr'><strong>bautur</strong></span> <span class='ocrx_word' id='word_1_188' title='bbox 342 2277 432 2328; x_wconf 85' lang='lat' dir='ltr'><strong>muita.</strong></span> <span class='ocrx_word' id='word_1_189' title='bbox 470 2277 569 2343; x_wconf 77' lang='lat' dir='ltr'><strong>itaque.</strong></span> <span class='ocrx_word' id='word_1_190' title='bbox 587 2278 647 2343; x_wconf 83' lang='lat' dir='ltr'><strong>quia</strong></span> <span class='ocrx_word' id='word_1_191' title='bbox 664 2292 771 2341; x_wconf 75' lang='lat' dir='ltr'><strong>maguus</strong></span> <span class='ocrx_word' id='word_1_192' title='bbox 793 2276 860 2343; x_wconf 81' lang='lat' dir='ltr'><strong>apud</strong></span> <span class='ocrx_word' id='word_1_193' title='bbox 881 2276 940 2326; x_wconf 90' lang='lat' dir='ltr'><strong>ilios</strong></span> <span class='ocrx_word' id='word_1_194' title='bbox 967 2283 1025 2328; x_wconf 87' lang='lat' dir='ltr'><strong>erat</strong></span> <span class='ocrx_word' id='word_1_195' title='bbox 1041 2291 1162 2328; x_wconf 87' lang='lat' dir='ltr'><strong>uumerus</strong></span> <span class='ocrx_word' id='word_1_196' title='bbox 1190 2277 1331 2341; x_wconf 79' lang='lat' dir='ltr'><strong>festorum,</strong></span> <span class='ocrx_word' id='word_1_197' title='bbox 1361 2277 1440 2329; x_wconf 75' lang='lat' dir='ltr'><strong>eham</strong></span> 
     </span>
     <span class='ocr_line' id='line_1_23' title="bbox 228 2343 1440 2413; baseline 0.001 -17"><span class='ocrx_word' id='word_1_198' title='bbox 228 2345 295 2411; x_wconf 84' lang='lat' dir='ltr'><strong>apud</strong></span> <span class='ocrx_word' id='word_1_199' title='bbox 314 2344 475 2395; x_wconf 79' lang='lat' dir='ltr'><strong>Christianos</strong></span> <span class='ocrx_word' id='word_1_200' title='bbox 494 2361 581 2396; x_wconf 90' lang='lat' dir='ltr'><strong>eorum</strong></span> <span class='ocrx_word' id='word_1_201' title='bbox 603 2360 723 2396; x_wconf 88' lang='lat' dir='ltr'><strong>numerus</strong></span> <span class='ocrx_word' id='word_1_202' title='bbox 744 2344 920 2396; x_wconf 80' lang='lat' dir='ltr'><strong>accrescebat.</strong></span> <span class='ocrx_word' id='word_1_203' title='bbox 940 2343 1091 2409; x_wconf 81' lang='lat' dir='ltr'><strong>Historiam,</strong></span> <span class='ocrx_word' id='word_1_204' title='bbox 1111 2362 1161 2412; x_wconf 89' lang='lat' dir='ltr'><strong>quo</strong></span> <span class='ocrx_word' id='word_1_205' title='bbox 1176 2344 1250 2397; x_wconf 87' lang='lat' dir='ltr'><strong>modo</strong></span> <span class='ocrx_word' id='word_1_206' title='bbox 1266 2344 1440 2413; x_wconf 85' lang='lat' dir='ltr'><strong>multiplicata</strong></span> 
     </span>
     <span class='ocr_line' id='line_1_24' title="bbox 227 2412 1438 2481; baseline 0.002 -16"><span class='ocrx_word' id='word_1_207' title='bbox 227 2412 325 2467; x_wconf 83' lang='lat' dir='ltr'><strong>fuerint</strong></span> <span class='ocrx_word' id='word_1_208' title='bbox 343 2413 368 2462; x_wconf 89' lang='lat' dir='ltr'><strong>iu</strong></span> <span class='ocrx_word' id='word_1_209' title='bbox 389 2413 510 2471; x_wconf 77' lang='lat' dir='ltr'><strong>ecclesia,</strong></span> <span class='ocrx_word' id='word_1_210' title='bbox 532 2413 621 2464; x_wconf 87' lang='lat' dir='ltr'><strong>ordine</strong></span> <span class='ocrx_word' id='word_1_211' title='bbox 642 2413 763 2480; x_wconf 86' lang='lat' dir='ltr'><strong>temporis</strong></span> <span class='ocrx_word' id='word_1_212' title='bbox 789 2418 940 2478; x_wconf 87' lang='lat' dir='ltr'><strong>persecutus</strong></span> <span class='ocrx_word' id='word_1_213' title='bbox 968 2420 1008 2464; x_wconf 83' lang='lat' dir='ltr'><strong>est</strong></span> <span class='ocrx_word' id='word_1_214' title='bbox 1034 2412 1274 2481; x_wconf 75' lang='lat' dir='ltr'><strong>hospinianus</strong></span> <span class='ocrx_word' id='word_1_215' title='bbox 1301 2414 1333 2463; x_wconf 88' lang='lat' dir='ltr'><strong>ds</strong></span> <span class='ocrx_word' id='word_1_216' title='bbox 1363 2415 1438 2477; x_wconf 53' lang='grc' dir='ltr'><strong>θήρ.</strong></span> 
     </span>
     <span class='ocr_line' id='line_1_25' title="bbox 226 2478 1437 2550; baseline 0.003 -22"><span class='ocrx_word' id='word_1_217' title='bbox 226 2481 286 2545; x_wconf 72' lang='lat' dir='ltr'><strong>seat.</strong></span> <span class='ocrx_word' id='word_1_218' title='bbox 310 2480 404 2534; x_wconf 78' lang='lat' dir='ltr'><strong>Christ.</strong></span> <span class='ocrx_word' id='word_1_219' title='bbox 422 2496 446 2532; x_wconf 87' lang='lat' dir='ltr'><strong>e.</strong></span> <span class='ocrx_word' id='word_1_220' title='bbox 467 2482 494 2532; x_wconf 80' lang='grc'><strong>4.</strong></span> <span class='ocrx_word' id='word_1_221' title='bbox 516 2480 580 2532; x_wconf 84' lang='lat' dir='ltr'><strong>iiiuc</strong></span> <span class='ocrx_word' id='word_1_222' title='bbox 615 2483 705 2533; x_wconf 85' lang='lat' dir='ltr'><strong>uereia</strong></span> <span class='ocrx_word' id='word_1_223' title='bbox 724 2479 838 2547; x_wconf 76' lang='lat' dir='ltr'><strong>Polyi.</strong></span> <span class='ocrx_word' id='word_1_224' title='bbox 859 2478 1029 2544; x_wconf 71' lang='lat' dir='ltr'><strong>Vergilii.</strong></span> <span class='ocrx_word' id='word_1_225' title='bbox 1049 2481 1149 2536; x_wconf 78' lang='lat' dir='ltr'><strong>deser.</strong></span> <span class='ocrx_word' id='word_1_226' title='bbox 1169 2484 1299 2536; x_wconf 77' lang='lat' dir='ltr'><strong>inuentor.</strong></span> <span class='ocrx_word' id='word_1_227' title='bbox 1319 2484 1344 2543; x_wconf 87' lang='lat'><strong>6,</strong></span> <span class='ocrx_word' id='word_1_228' title='bbox 1365 2485 1391 2537; x_wconf 91' lang='grc'><strong>8.</strong></span> <span class='ocrx_word' id='word_1_229' title='bbox 1411 2499 1437 2550; x_wconf 94' lang='lat' dir='ltr'><strong>p.</strong></span> 
     </span>
     <span class='ocr_line' id='line_1_26' title="bbox 226 2497 1438 2619; baseline 0.001 -19"><span class='ocrx_word' id='word_1_230' title='bbox 226 2550 292 2602; x_wconf 69' lang='lat'><strong>1196:</strong></span> <span class='ocrx_word' id='word_1_231' title='bbox 322 2550 386 2597; x_wconf 81' lang='lat' dir='ltr'><strong>Dies</strong></span> <span class='ocrx_word' id='word_1_232' title='bbox 411 2551 461 2599; x_wconf 82' lang='lat' dir='ltr'><strong>ads&#39;s&#39;</strong></span> <span class='ocrx_word' id='word_1_233' title='bbox 486 2551 562 2615; x_wconf 77' lang='lat' dir='ltr'><strong>odiis,</strong></span> <span class='ocrx_word' id='word_1_234' title='bbox 591 2497 656 2614; x_wconf 49' lang='lat' dir='ltr'><strong>isati</strong></span> <span class='ocrx_word' id='word_1_235' title='bbox 671 2550 747 2615; x_wconf 75' lang='lat' dir='ltr'><strong>sestis</strong></span> <span class='ocrx_word' id='word_1_236' title='bbox 764 2566 796 2598; x_wconf 83' lang='lat' dir='ltr'><strong>ex</strong></span> <span class='ocrx_word' id='word_1_237' title='bbox 810 2551 904 2614; x_wconf 74' lang='lat' dir='ltr'><strong>pus-eis</strong></span> <span class='ocrx_word' id='word_1_238' title='bbox 920 2551 1074 2619; x_wconf 63' lang='lat' dir='ltr'><strong>quandoque</strong></span> <span class='ocrx_word' id='word_1_239' title='bbox 1091 2552 1178 2602; x_wconf 66' lang='lat' dir='ltr'><strong>enema</strong></span> <span class='ocrx_word' id='word_1_240' title='bbox 1195 2553 1353 2600; x_wconf 65' lang='lat' dir='ltr'><strong>censuisti</strong></span> <span class='ocrx_word' id='word_1_241' title='bbox 1366 2559 1438 2601; x_wconf 78' lang='lat' dir='ltr'><strong>snat.</strong></span> 
     </span>
    </p>
   </div>
   <div class='ocr_carea' id='block_1_5' title="bbox 226 2618 1571 2686">
    <p class='ocr_par' dir='ltr' id='par_1_7' title="bbox 226 2618 1571 2686">
     <span class='ocr_line' id='line_1_27' title="bbox 226 2618 1571 2686; baseline -0.001 -18"><span class='ocrx_word' id='word_1_242' title='bbox 226 2621 317 2686; x_wconf 73' lang='lat' dir='ltr'><strong>Atque</strong></span> <span class='ocrx_word' id='word_1_243' title='bbox 341 2618 407 2667; x_wconf 79' lang='lat' dir='ltr'><strong>belle</strong></span> <span class='ocrx_word' id='word_1_244' title='bbox 430 2619 544 2668; x_wconf 77' lang='lat' dir='ltr'><strong>ethnicos</strong></span> <span class='ocrx_word' id='word_1_245' title='bbox 565 2620 675 2684; x_wconf 77' lang='lat' dir='ltr'><strong>perinde</strong></span> <span class='ocrx_word' id='word_1_246' title='bbox 697 2619 725 2667; x_wconf 79' lang='lat' dir='ltr'><strong>isa</strong></span> <span class='ocrx_word' id='word_1_247' title='bbox 750 2618 801 2666; x_wconf 80' lang='lat' dir='ltr'><strong>hae</strong></span> <span class='ocrx_word' id='word_1_248' title='bbox 818 2635 857 2681; x_wconf 80' lang='lat' dir='ltr'><strong>se,</strong></span> <span class='ocrx_word' id='word_1_249' title='bbox 880 2627 910 2666; x_wconf 84' lang='lat' dir='ltr'><strong>ast</strong></span> <span class='ocrx_word' id='word_1_250' title='bbox 926 2619 956 2669; x_wconf 81' lang='lat' dir='ltr'><strong>e&#39;n</strong></span> <span class='ocrx_word' id='word_1_251' title='bbox 972 2620 1048 2669; x_wconf 79' lang='lat' dir='ltr'><strong>nimis</strong></span> <span class='ocrx_word' id='word_1_252' title='bbox 1063 2620 1152 2669; x_wconf 67' lang='lat' dir='ltr'><strong>nohis</strong></span> <span class='ocrx_word' id='word_1_253' title='bbox 1168 2620 1238 2683; x_wconf 80' lang='lat' dir='ltr'><strong>als&#39;a‘s,</strong></span> <span class='ocrx_word' id='word_1_254' title='bbox 1259 2621 1440 2680; x_wconf 61' lang='lat' dir='ltr'><strong>casianus-‚-</strong></span> <span class='ocrx_word' id='word_1_255' title='bbox 1522 2656 1531 2667; x_wconf 87' lang='lat'><strong>.</strong></span> <span class='ocrx_word' id='word_1_256' title='bbox 1570 2622 1571 2631; x_wconf 58' lang='lat'>¹</span> 
     </span>
    </p>
   </div>
   <div class='ocr_carea' id='block_1_6' title="bbox 224 2684 1442 3023">
    <p class='ocr_par' dir='ltr' id='par_1_8' title="bbox 224 2684 1442 3023">
     <span class='ocr_line' id='line_1_28' title="bbox 225 2684 1442 2762; baseline 0.001 -28"><span class='ocrx_word' id='word_1_257' title='bbox 225 2688 296 2753; x_wconf 81' lang='lat' dir='ltr'><strong>quod</strong></span> <span class='ocrx_word' id='word_1_258' title='bbox 314 2695 414 2734; x_wconf 81' lang='lat' dir='ltr'><strong>tantuna</strong></span> <span class='ocrx_word' id='word_1_259' title='bbox 432 2686 518 2750; x_wconf 75' lang='lat' dir='ltr'><strong>adficit</strong></span> <span class='ocrx_word' id='word_1_260' title='bbox 537 2694 568 2735; x_wconf 80' lang='lat' dir='ltr'><strong>ut</strong></span> <span class='ocrx_word' id='word_1_261' title='bbox 584 2689 695 2753; x_wconf 79' lang='lat' dir='ltr'><strong>majores</strong></span> <span class='ocrx_word' id='word_1_262' title='bbox 714 2687 799 2737; x_wconf 77' lang='lat' dir='ltr'><strong>nostri</strong></span> <span class='ocrx_word' id='word_1_263' title='bbox 813 2686 941 2751; x_wconf 76' lang='lat' dir='ltr'><strong>fecerint,</strong></span> <span class='ocrx_word' id='word_1_264' title='bbox 960 2697 989 2736; x_wconf 85' lang='lat' dir='ltr'><strong>sat</strong></span> <span class='ocrx_word' id='word_1_265' title='bbox 1009 2687 1088 2762; x_wconf 46' lang='lat' dir='ltr'><strong>e&#39;ts&#39;eisss</strong></span> <span class='ocrx_word' id='word_1_266' title='bbox 1113 2684 1182 2737; x_wconf 69' lang='lat' dir='ltr'><strong>ailad</strong></span> <span class='ocrx_word' id='word_1_267' title='bbox 1203 2689 1288 2753; x_wconf 65' lang='lat' dir='ltr'><strong>ipsura</strong></span> <span class='ocrx_word' id='word_1_268' title='bbox 1312 2687 1442 2736; x_wconf 72' lang='lat' dir='ltr'><strong>andecies·</strong></span> 
     </span>
     <span class='ocr_line' id='line_1_29' title="bbox 226 2753 1441 2820; baseline 0.003 -20"><span class='ocrx_word' id='word_1_269' title='bbox 226 2754 334 2802; x_wconf 81' lang='lat' dir='ltr'><strong>ethnicis</strong></span> <span class='ocrx_word' id='word_1_270' title='bbox 352 2753 414 2801; x_wconf 78' lang='lat' dir='ltr'><strong>uitio</strong></span> <span class='ocrx_word' id='word_1_271' title='bbox 434 2754 567 2813; x_wconf 67' lang='lat' dir='ltr'><strong>dederintp</strong></span> <span class='ocrx_word' id='word_1_272' title='bbox 587 2757 660 2802; x_wconf 79' lang='lat' dir='ltr'><strong>testr&#39;s</strong></span> <span class='ocrx_word' id='word_1_273' title='bbox 681 2754 860 2803; x_wconf 74' lang='lat' dir='ltr'><strong>Tertullianus</strong></span> <span class='ocrx_word' id='word_1_274' title='bbox 876 2756 904 2802; x_wconf 82' lang='lat' dir='ltr'><strong>in</strong></span> <span class='ocrx_word' id='word_1_275' title='bbox 935 2756 1066 2820; x_wconf 73' lang='lat' dir='ltr'><strong>apologet.</strong></span> <span class='ocrx_word' id='word_1_276' title='bbox 1085 2782 1117 2795; x_wconf 90' lang='lat'><strong>-·</strong></span> <span class='ocrx_word' id='word_1_277' title='bbox 1136 2783 1166 2795; x_wconf 89' lang='lat'>-</span> <span class='ocrx_word' id='word_1_278' title='bbox 1187 2757 1269 2806; x_wconf 77' lang='lat' dir='ltr'><strong>ans&#39;t</strong></span> <span class='ocrx_word' id='word_1_279' title='bbox 1297 2759 1384 2819; x_wconf 78' lang='lat' dir='ltr'><strong>Deus,</strong></span> <span class='ocrx_word' id='word_1_280' title='bbox 1409 2761 1441 2804; x_wconf 77' lang='lat' dir='ltr'><strong>aet</strong></span> 
     </span>
     <span class='ocr_line' id='line_1_30' title="bbox 225 2819 1440 2887; baseline 0.005 -18"><span class='ocrx_word' id='word_1_281' title='bbox 225 2819 361 2882; x_wconf 72' lang='lat' dir='ltr'><strong>Pontifices</strong></span> <span class='ocrx_word' id='word_1_282' title='bbox 378 2822 462 2868; x_wconf 80' lang='lat' dir='ltr'><strong>nostri</strong></span> <span class='ocrx_word' id='word_1_283' title='bbox 476 2822 581 2870; x_wconf 79' lang='lat' dir='ltr'><strong>tandem</strong></span> <span class='ocrx_word' id='word_1_284' title='bbox 598 2821 739 2887; x_wconf 76' lang='lat' dir='ltr'><strong>aliquando</strong></span> <span class='ocrx_word' id='word_1_285' title='bbox 755 2822 819 2868; x_wconf 78' lang='lat' dir='ltr'><strong>istos</strong></span> <span class='ocrx_word' id='word_1_286' title='bbox 836 2822 891 2868; x_wconf 78' lang='lat' dir='ltr'><strong>dies</strong></span> <span class='ocrx_word' id='word_1_287' title='bbox 908 2820 989 2884; x_wconf 74' lang='lat' dir='ltr'><strong>festos</strong></span> <span class='ocrx_word' id='word_1_288' title='bbox 1005 2824 1084 2873; x_wconf 72' lang='lat' dir='ltr'><strong>maes</strong></span> <span class='ocrx_word' id='word_1_289' title='bbox 1099 2824 1222 2877; x_wconf 77' lang='lat' dir='ltr'><strong>reddant.</strong></span> <span class='ocrx_word' id='word_1_290' title='bbox 1243 2821 1359 2875; x_wconf 78' lang='lat' dir='ltr'><strong>Nondum</strong></span> <span class='ocrx_word' id='word_1_291' title='bbox 1379 2823 1440 2875; x_wconf 77' lang='lat' dir='ltr'><strong>buia</strong></span> 
     </span>
     <span class='ocr_line' id='line_1_31' title="bbox 224 2887 1438 2955; baseline 0.004 -17"><span class='ocrx_word' id='word_1_292' title='bbox 224 2895 285 2938; x_wconf 90' lang='lat' dir='ltr'><strong>voto</strong></span> <span class='ocrx_word' id='word_1_293' title='bbox 305 2887 466 2938; x_wconf 80' lang='lat' dir='ltr'><strong>satisfactam</strong></span> <span class='ocrx_word' id='word_1_294' title='bbox 487 2895 537 2949; x_wconf 82' lang='lat' dir='ltr'><strong>est,</strong></span> <span class='ocrx_word' id='word_1_295' title='bbox 565 2888 681 2952; x_wconf 79' lang='lat' dir='ltr'><strong>quamvis</strong></span> <span class='ocrx_word' id='word_1_296' title='bbox 698 2902 751 2937; x_wconf 85' lang='lat' dir='ltr'><strong>reru</strong></span> <span class='ocrx_word' id='word_1_297' title='bbox 771 2893 889 2937; x_wconf 87' lang='lat' dir='ltr'><strong>tentante</strong></span> <span class='ocrx_word' id='word_1_298' title='bbox 909 2895 970 2938; x_wconf 88' lang='lat' dir='ltr'><strong>aute</strong></span> <span class='ocrx_word' id='word_1_299' title='bbox 991 2890 1089 2955; x_wconf 87' lang='lat' dir='ltr'><strong>aliquot</strong></span> <span class='ocrx_word' id='word_1_300' title='bbox 1110 2904 1190 2940; x_wconf 84' lang='lat' dir='ltr'><strong>annos</strong></span> <span class='ocrx_word' id='word_1_301' title='bbox 1209 2891 1349 2943; x_wconf 80' lang='lat' dir='ltr'><strong>benedictn</strong></span> <span class='ocrx_word' id='word_1_302' title='bbox 1365 2889 1438 2943; x_wconf 86' lang='lat' dir='ltr'><strong>XiV.</strong></span> 
     </span>
     <span class='ocr_line' id='line_1_32' title="bbox 224 2954 1441 3023; baseline 0.005 -17"><span class='ocrx_word' id='word_1_303' title='bbox 224 2954 342 3006; x_wconf 87' lang='lat' dir='ltr'><strong>Nondum</strong></span> <span class='ocrx_word' id='word_1_304' title='bbox 361 2955 429 3021; x_wconf 86' lang='lat' dir='ltr'><strong>apud</strong></span> <span class='ocrx_word' id='word_1_305' title='bbox 450 2955 529 3007; x_wconf 90' lang='lat' dir='ltr'><strong>ltaios</strong></span> <span class='ocrx_word' id='word_1_306' title='bbox 547 2955 747 3005; x_wconf 78' lang='lat' dir='ltr'><strong>subiatas-sunt</strong></span> <span class='ocrx_word' id='word_1_307' title='bbox 763 2954 959 3020; x_wconf 80' lang='lat' dir='ltr'><strong>profanationes</strong></span> <span class='ocrx_word' id='word_1_308' title='bbox 974 2955 1107 3020; x_wconf 79' lang='lat' dir='ltr'><strong>festorum,</strong></span> <span class='ocrx_word' id='word_1_309' title='bbox 1128 2973 1192 3023; x_wconf 89' lang='lat' dir='ltr'><strong>quas</strong></span> <span class='ocrx_word' id='word_1_310' title='bbox 1208 2967 1334 3011; x_wconf 88' lang='lat' dir='ltr'><strong>memorat</strong></span> <span class='ocrx_word' id='word_1_311' title='bbox 1347 2967 1441 3013; x_wconf 87' lang='lat' dir='ltr'><strong>auctor</strong></span> 
     </span>
    </p>
   </div>
   <div class='ocr_carea' id='block_1_7' title="bbox 223 3019 1540 3089">
    <p class='ocr_par' dir='ltr' id='par_1_9' title="bbox 223 3019 1540 3089">
     <span class='ocr_line' id='line_1_33' title="bbox 223 3019 1540 3089; baseline 0.002 -15"><span class='ocrx_word' id='word_1_312' title='bbox 223 3020 285 3074; x_wconf 89' lang='lat' dir='ltr'><strong>libri</strong></span> <span class='ocrx_word' id='word_1_313' title='bbox 311 3020 468 3073; x_wconf 59' lang='lat' dir='ltr'><strong>caenosas</strong></span> <span class='ocrx_word' id='word_1_314' title='bbox 486 3032 512 3071; x_wconf 74' lang='lat' dir='ltr'><strong>et</strong></span> <span class='ocrx_word' id='word_1_315' title='bbox 535 3019 664 3072; x_wconf 71' lang='lat' dir='ltr'><strong>sedtumss</strong></span> <span class='ocrx_word' id='word_1_316' title='bbox 686 3021 842 3084; x_wconf 76' lang='lat' dir='ltr'><strong>religienses</strong></span> <span class='ocrx_word' id='word_1_317' title='bbox 868 3022 900 3071; x_wconf 82' lang='lat' dir='ltr'><strong>ds</strong></span> <span class='ocrx_word' id='word_1_318' title='bbox 923 3030 982 3074; x_wconf 80' lang='lat' dir='ltr'><strong>toas</strong></span> <span class='ocrx_word' id='word_1_319' title='bbox 1008 3025 1046 3074; x_wconf 83' lang='lat' dir='ltr'><strong>les</strong></span> <span class='ocrx_word' id='word_1_320' title='bbox 1065 3026 1176 3089; x_wconf 74' lang='lat' dir='ltr'><strong>periples</strong></span> <span class='ocrx_word' id='word_1_321' title='bbox 1193 3024 1229 3074; x_wconf 79' lang='lat' dir='ltr'><strong>d&#39;u</strong></span> <span class='ocrx_word' id='word_1_322' title='bbox 1254 3027 1345 3076; x_wconf 81' lang='lat' dir='ltr'><strong>monde</strong></span> <span class='ocrx_word' id='word_1_323' title='bbox 1365 3034 1397 3083; x_wconf 79' lang='lat' dir='ltr'><strong>T,</strong></span> <span class='ocrx_word' id='word_1_324' title='bbox 1414 3035 1439 3084; x_wconf 75' lang='lat'><strong>2.</strong></span> <span class='ocrx_word' id='word_1_325' title='bbox 1535 3056 1540 3067; x_wconf 51' lang='grc' dir='ltr'>ι</span> 
     </span>
    </p>
   </div>
   <div class='ocr_carea' id='block_1_8' title="bbox 159 3089 1484 3710">
    <p class='ocr_par' dir='ltr' id='par_1_10' title="bbox 223 3089 1484 3351">
     <span class='ocr_line' id='line_1_34' title="bbox 224 3089 1439 3160; baseline 0.007 -19"><span class='ocrx_word' id='word_1_326' title='bbox 224 3089 365 3156; x_wconf 82' lang='lat' dir='ltr'><strong>Quasdam,</strong></span> <span class='ocrx_word' id='word_1_327' title='bbox 384 3090 476 3158; x_wconf 85' lang='lat' dir='ltr'><strong>inquit,</strong></span> <span class='ocrx_word' id='word_1_328' title='bbox 499 3092 525 3143; x_wconf 92' lang='lat' dir='ltr'><strong>iu</strong></span> <span class='ocrx_word' id='word_1_329' title='bbox 547 3092 668 3143; x_wconf 87' lang='lat' dir='ltr'><strong>honorem</strong></span> <span class='ocrx_word' id='word_1_330' title='bbox 688 3091 828 3142; x_wconf 86' lang='lat' dir='ltr'><strong>amicarum</strong></span> <span class='ocrx_word' id='word_1_331' title='bbox 849 3092 953 3143; x_wconf 74' lang='lat' dir='ltr'><strong>inarum</strong></span> <span class='ocrx_word' id='word_1_332' title='bbox 974 3091 1065 3145; x_wconf 86' lang='lat' dir='ltr'><strong>diebus</strong></span> <span class='ocrx_word' id='word_1_333' title='bbox 1085 3091 1305 3157; x_wconf 65' lang='lat' dir='ltr'><strong>iustissimorum,</strong></span> <span class='ocrx_word' id='word_1_334' title='bbox 1328 3110 1439 3160; x_wconf 84' lang='lat' dir='ltr'><strong>quarunt</strong></span> 
     </span>
     <span class='ocr_line' id='line_1_35' title="bbox 224 3158 1441 3230; baseline 0.007 -20"><span class='ocrx_word' id='word_1_335' title='bbox 224 3160 285 3211; x_wconf 86' lang='lat' dir='ltr'><strong>ittae</strong></span> <span class='ocrx_word' id='word_1_336' title='bbox 304 3158 381 3210; x_wconf 66' lang='lat' dir='ltr'><strong>inrue⁴</strong></span> <span class='ocrx_word' id='word_1_337' title='bbox 393 3161 493 3211; x_wconf 86' lang='lat' dir='ltr'><strong>nomina</strong></span> <span class='ocrx_word' id='word_1_338' title='bbox 512 3166 613 3225; x_wconf 74' lang='lat' dir='ltr'><strong>gerunt,</strong></span> <span class='ocrx_word' id='word_1_339' title='bbox 633 3161 725 3211; x_wconf 89' lang='lat' dir='ltr'><strong>missas</strong></span> <span class='ocrx_word' id='word_1_340' title='bbox 745 3158 859 3211; x_wconf 86' lang='lat' dir='ltr'><strong>recitari</strong></span> <span class='ocrx_word' id='word_1_341' title='bbox 868 3160 963 3225; x_wconf 85' lang='lat' dir='ltr'><strong>jubent</strong></span> <span class='ocrx_word' id='word_1_342' title='bbox 977 3161 1119 3228; x_wconf 82' lang='lat' dir='ltr'><strong>vestirique</strong></span> <span class='ocrx_word' id='word_1_343' title='bbox 1136 3162 1231 3230; x_wconf 84' lang='lat' dir='ltr'><strong>templa</strong></span> <span class='ocrx_word' id='word_1_344' title='bbox 1250 3161 1283 3212; x_wconf 90' lang='lat' dir='ltr'><strong>iis</strong></span> <span class='ocrx_word' id='word_1_345' title='bbox 1303 3168 1441 3219; x_wconf 84' lang='lat' dir='ltr'><strong>ornamen-</strong></span> 
     </span>
     <span class='ocr_line' id='line_1_36' title="bbox 223 3229 1484 3351; baseline 0.007 -73"><span class='ocrx_word' id='word_1_346' title='bbox 223 3229 268 3351; x_wconf 74' lang='lat' dir='ltr'><strong>tsis,</strong></span> <span class='ocrx_word' id='word_1_347' title='bbox 289 3243 355 3296; x_wconf 82' lang='lat' dir='ltr'><strong>qnae</strong></span> <span class='ocrx_word' id='word_1_348' title='bbox 370 3243 420 3280; x_wconf 91' lang='lat' dir='ltr'><strong>non</strong></span> <span class='ocrx_word' id='word_1_349' title='bbox 439 3230 522 3281; x_wconf 87' lang='lat' dir='ltr'><strong>minus</strong></span> <span class='ocrx_word' id='word_1_350' title='bbox 542 3230 574 3280; x_wconf 89' lang='lat' dir='ltr'><strong>ad</strong></span> <span class='ocrx_word' id='word_1_351' title='bbox 592 3229 716 3281; x_wconf 87' lang='lat' dir='ltr'><strong>amatoris</strong></span> <span class='ocrx_word' id='word_1_352' title='bbox 735 3229 881 3296; x_wconf 86' lang='lat' dir='ltr'><strong>dominam,</strong></span> <span class='ocrx_word' id='word_1_353' title='bbox 899 3246 975 3298; x_wconf 86' lang='lat' dir='ltr'><strong>quam</strong></span> <span class='ocrx_word' id='word_1_354' title='bbox 1001 3229 1034 3283; x_wconf 90' lang='lat' dir='ltr'><strong>ad</strong></span> <span class='ocrx_word' id='word_1_355' title='bbox 1058 3231 1185 3283; x_wconf 87' lang='lat' dir='ltr'><strong>ecciesiae</strong></span> <span class='ocrx_word' id='word_1_356' title='bbox 1211 3229 1304 3284; x_wconf 79' lang='lat' dir='ltr'><strong>reterri</strong></span> <span class='ocrx_word' id='word_1_357' title='bbox 1329 3242 1440 3301; x_wconf 88' lang='lat' dir='ltr'><strong>possunt</strong></span> <span class='ocrx_word' id='word_1_358' title='bbox 1479 3286 1484 3294; x_wconf 82' lang='lat'><strong>.</strong></span> 
     </span>
     <span class='ocr_line' id='line_1_37' title="bbox 244 3305 1470 3350; baseline 0.006 -1"><span class='ocrx_word' id='word_1_359' title='bbox 244 3305 357 3350; x_wconf 89' lang='lat' dir='ltr'><strong>auctam.</strong></span> <span class='ocrx_word' id='word_1_360' title='bbox 1460 3312 1470 3325; x_wconf 74' lang='grc'><strong>’“</strong></span> 
     </span>
    </p>

    <p class='ocr_par' dir='ltr' id='par_1_11' title="bbox 294 3363 924 3434">
     <span class='ocr_line' id='line_1_38' title="bbox 294 3363 924 3434; baseline 0.002 -17"><span class='ocrx_word' id='word_1_361' title='bbox 294 3367 339 3426; x_wconf 82' lang='grc'><strong>**)</strong></span> <span class='ocrx_word' id='word_1_362' title='bbox 359 3364 419 3417; x_wconf 84' lang='lat' dir='ltr'><strong>var.</strong></span> <span class='ocrx_word' id='word_1_363' title='bbox 437 3363 506 3418; x_wconf 84' lang='lat' dir='ltr'><strong>dos.</strong></span> <span class='ocrx_word' id='word_1_364' title='bbox 525 3365 692 3430; x_wconf 72' lang='lat' dir='ltr'><strong>Rinaham</strong></span> <span class='ocrx_word' id='word_1_365' title='bbox 712 3364 770 3418; x_wconf 91' lang='lat' dir='ltr'><strong>Vol.</strong></span> <span class='ocrx_word' id='word_1_366' title='bbox 790 3369 816 3421; x_wconf 87' lang='grc'><strong>8.</strong></span> <span class='ocrx_word' id='word_1_367' title='bbox 837 3384 862 3434; x_wconf 84' lang='lat' dir='ltr'><strong>p.</strong></span> <span class='ocrx_word' id='word_1_368' title='bbox 880 3367 924 3421; x_wconf 85' lang='grc'><strong>67.</strong></span> 
     </span>
    </p>

    <p class='ocr_par' dir='ltr' id='par_1_12' title="bbox 159 3434 1439 3710">
     <span class='ocr_line' id='line_1_39' title="bbox 293 3434 1439 3505; baseline 0.008 -20"><span class='ocrx_word' id='word_1_369' title='bbox 293 3435 354 3497; x_wconf 75' lang='grc'><strong>***)</strong></span> <span class='ocrx_word' id='word_1_370' title='bbox 374 3435 389 3486; x_wconf 83' lang='lat' dir='ltr'>J</span> <span class='ocrx_word' id='word_1_371' title='bbox 396 3436 443 3486; x_wconf 91' lang='lat' dir='ltr'><strong>oh.</strong></span> <span class='ocrx_word' id='word_1_372' title='bbox 470 3434 737 3503; x_wconf 78' lang='lat' dir='ltr'><strong>chrysostomus</strong></span> <span class='ocrx_word' id='word_1_373' title='bbox 757 3436 776 3486; x_wconf 91' lang='grc' dir='ltr'><strong>Ι.</strong></span> <span class='ocrx_word' id='word_1_374' title='bbox 796 3452 820 3487; x_wconf 92' lang='lat' dir='ltr'><strong>o.</strong></span> <span class='ocrx_word' id='word_1_375' title='bbox 840 3436 872 3489; x_wconf 90' lang='lat' dir='ltr'><strong>ad</strong></span> <span class='ocrx_word' id='word_1_376' title='bbox 892 3434 977 3488; x_wconf 81' lang='lat' dir='ltr'><strong>Gades</strong></span> <span class='ocrx_word' id='word_1_377' title='bbox 995 3452 1076 3505; x_wconf 84' lang='lat' dir='ltr'><strong>usque</strong></span> <span class='ocrx_word' id='word_1_378' title='bbox 1094 3436 1272 3491; x_wconf 79' lang='lat' dir='ltr'><strong>habitantibus</strong></span> <span class='ocrx_word' id='word_1_379' title='bbox 1290 3441 1357 3493; x_wconf 85' lang='lat' dir='ltr'><strong>hano</strong></span> <span class='ocrx_word' id='word_1_380' title='bbox 1376 3455 1439 3495; x_wconf 84' lang='lat' dir='ltr'><strong>eoa·</strong></span> 
     </span>
     <span class='ocr_line' id='line_1_40' title="bbox 222 3501 1436 3575; baseline 0.005 -18"><span class='ocrx_word' id='word_1_381' title='bbox 222 3504 385 3557; x_wconf 84' lang='lat' dir='ltr'><strong>suetudinem</strong></span> <span class='ocrx_word' id='word_1_382' title='bbox 403 3503 509 3556; x_wconf 84' lang='lat' dir='ltr'><strong>tribuit:</strong></span> <span class='ocrx_word' id='word_1_383' title='bbox 534 3511 562 3553; x_wconf 86' lang='lat' dir='ltr'><strong>et</strong></span> <span class='ocrx_word' id='word_1_384' title='bbox 580 3501 777 3567; x_wconf 73' lang='lat' dir='ltr'><strong>Gregorius</strong></span> <span class='ocrx_word' id='word_1_385' title='bbox 800 3502 885 3556; x_wconf 65' lang='lat' dir='ltr'><strong>Nan?</strong></span> <span class='ocrx_word' id='word_1_386' title='bbox 902 3505 990 3558; x_wconf 87' lang='lat' dir='ltr'><strong>homil.</strong></span> <span class='ocrx_word' id='word_1_387' title='bbox 1009 3511 1053 3559; x_wconf 83' lang='lat' dir='ltr'><strong>aa.</strong></span> <span class='ocrx_word' id='word_1_388' title='bbox 1073 3508 1099 3559; x_wconf 91' lang='lat' dir='ltr'><strong>in</strong></span> <span class='ocrx_word' id='word_1_389' title='bbox 1122 3507 1259 3575; x_wconf 60' lang='lat' dir='ltr'><strong>eropum,</strong></span> <span class='ocrx_word' id='word_1_390' title='bbox 1303 3524 1353 3561; x_wconf 88' lang='lat' dir='ltr'><strong>aaa</strong></span> <span class='ocrx_word' id='word_1_391' title='bbox 1369 3509 1436 3564; x_wconf 87' lang='lat' dir='ltr'><strong>Con·</strong></span> 
     </span>
     <span class='ocr_line' id='line_1_41' title="bbox 159 3566 1435 3644; baseline 0.007 -20"><span class='ocrx_word' id='word_1_392' title='bbox 159 3598 164 3603; x_wconf 91' lang='lat'><strong>·</strong></span> <span class='ocrx_word' id='word_1_393' title='bbox 223 3566 390 3637; x_wconf 85' lang='lat' dir='ltr'><strong>stantiuopoli</strong></span> <span class='ocrx_word' id='word_1_394' title='bbox 408 3572 450 3622; x_wconf 92' lang='lat' dir='ltr'><strong>die</strong></span> <span class='ocrx_word' id='word_1_395' title='bbox 469 3571 549 3623; x_wconf 89' lang='lat' dir='ltr'><strong>natali</strong></span> <span class='ocrx_word' id='word_1_396' title='bbox 565 3571 662 3623; x_wconf 82' lang='lat' dir='ltr'><strong>Christi</strong></span> <span class='ocrx_word' id='word_1_397' title='bbox 680 3573 769 3625; x_wconf 86' lang='lat' dir='ltr'><strong>habita</strong></span> <span class='ocrx_word' id='word_1_398' title='bbox 787 3573 855 3638; x_wconf 85' lang='lat' dir='ltr'><strong>tuit,</strong></span> <span class='ocrx_word' id='word_1_399' title='bbox 875 3575 955 3640; x_wconf 86' lang='lat' dir='ltr'><strong>dicit,</strong></span> <span class='ocrx_word' id='word_1_400' title='bbox 974 3575 1068 3627; x_wconf 83' lang='lat' dir='ltr'><strong>festum</strong></span> <span class='ocrx_word' id='word_1_401' title='bbox 1090 3574 1251 3644; x_wconf 69' lang='lat' dir='ltr'><strong>Epiphanius</strong></span> <span class='ocrx_word' id='word_1_402' title='bbox 1277 3578 1368 3632; x_wconf 87' lang='lat' dir='ltr'><strong>drebas</strong></span> <span class='ocrx_word' id='word_1_403' title='bbox 1387 3580 1435 3633; x_wconf 85' lang='lat' dir='ltr'><strong>ali·</strong></span> 
     </span>
     <span class='ocr_line' id='line_1_42' title="bbox 222 3646 538 3710; baseline -0.009 -17"><span class='ocrx_word' id='word_1_404' title='bbox 222 3649 285 3710; x_wconf 86' lang='lat' dir='ltr'><strong>quot</strong></span> <span class='ocrx_word' id='word_1_405' title='bbox 304 3646 362 3707; x_wconf 87' lang='lat' dir='ltr'><strong>post</strong></span> <span class='ocrx_word' id='word_1_406' title='bbox 381 3647 538 3692; x_wconf 85' lang='lat' dir='ltr'><strong>secuturum.</strong></span> 
     </span>
    </p>
   </div>
   <div class='ocr_carea' id='block_1_9' title="bbox 213 3706 1566 3782">
    <p class='ocr_par' dir='ltr' id='par_1_13' title="bbox 213 3706 1566 3782">
     <span class='ocr_line' id='line_1_43' title="bbox 213 3706 1566 3782; baseline 0.004 -23"><span class='ocrx_word' id='word_1_407' title='bbox 213 3716 216 3723; x_wconf 87' lang='lat'>&#39;</span> <span class='ocrx_word' id='word_1_408' title='bbox 292 3706 1149 3778; x_wconf 76' lang='lat' dir='ltr'><strong>†)idplannmestextituinHomiinePsaiiEmiseni‚</strong></span> <span class='ocrx_word' id='word_1_409' title='bbox 1170 3716 1437 3782; x_wconf 77' lang='lat' dir='ltr'><strong>quaeestinAnsis</strong></span> <span class='ocrx_word' id='word_1_410' title='bbox 1498 3714 1502 3717; x_wconf 86' lang='grc'><strong>’</strong></span> <span class='ocrx_word' id='word_1_411' title='bbox 1565 3732 1566 3765; x_wconf 76' lang='lat' dir='ltr'><strong>t</strong></span> 
     </span>
    </p>
   </div>
   <div class='ocr_carea' id='block_1_10' title="bbox 221 3776 1437 3920">
    <p class='ocr_par' dir='ltr' id='par_1_14' title="bbox 221 3776 1437 3920">
     <span class='ocr_line' id='line_1_44' title="bbox 224 3776 1436 3851; baseline 0.009 -25"><span class='ocrx_word' id='word_1_412' title='bbox 224 3780 319 3833; x_wconf 65' lang='lat' dir='ltr'><strong>ancil.</strong></span> <span class='ocrx_word' id='word_1_413' title='bbox 338 3778 466 3845; x_wconf 72' lang='lat' dir='ltr'><strong>Ephssans&#39;</strong></span> <span class='ocrx_word' id='word_1_414' title='bbox 477 3776 506 3830; x_wconf 87' lang='grc' dir='ltr'><strong>Ρ.</strong></span> <span class='ocrx_word' id='word_1_415' title='bbox 521 3782 546 3830; x_wconf 91' lang='grc'><strong>3.</strong></span> <span class='ocrx_word' id='word_1_416' title='bbox 567 3793 591 3828; x_wconf 84' lang='lat' dir='ltr'><strong>u.</strong></span> <span class='ocrx_word' id='word_1_417' title='bbox 610 3780 654 3832; x_wconf 79' lang='grc'><strong>31.</strong></span> <span class='ocrx_word' id='word_1_418' title='bbox 676 3784 738 3829; x_wconf 89' lang='lat' dir='ltr'><strong>tom.</strong></span> <span class='ocrx_word' id='word_1_419' title='bbox 757 3783 783 3831; x_wconf 88' lang='grc'><strong>3.</strong></span> <span class='ocrx_word' id='word_1_420' title='bbox 804 3777 902 3837; x_wconf 86' lang='lat' dir='ltr'><strong>Concii.</strong></span> <span class='ocrx_word' id='word_1_421' title='bbox 921 3797 947 3849; x_wconf 91' lang='lat' dir='ltr'><strong>p.</strong></span> <span class='ocrx_word' id='word_1_422' title='bbox 968 3783 1044 3836; x_wconf 87' lang='grc'><strong>1096.</strong></span> <span class='ocrx_word' id='word_1_423' title='bbox 1063 3785 1182 3834; x_wconf 73' lang='lat' dir='ltr'><strong>Hosnsdin</strong></span> <span class='ocrx_word' id='word_1_424' title='bbox 1198 3786 1280 3835; x_wconf 80' lang='lat' dir='ltr'><strong>Paeln&#39;</strong></span> <span class='ocrx_word' id='word_1_425' title='bbox 1294 3802 1336 3851; x_wconf 83' lang='lat' dir='ltr'><strong>sp.</strong></span> <span class='ocrx_word' id='word_1_426' title='bbox 1353 3786 1436 3841; x_wconf 73' lang='lat' dir='ltr'><strong>Emis,</strong></span> 
     </span>
     <span class='ocr_line' id='line_1_45' title="bbox 221 3847 1437 3920; baseline 0.006 -23"><span class='ocrx_word' id='word_1_427' title='bbox 221 3849 314 3897; x_wconf 67' lang='lat' dir='ltr'><strong>hedde</strong></span> <span class='ocrx_word' id='word_1_428' title='bbox 331 3851 373 3901; x_wconf 78' lang='grc'><strong>26.</strong></span> <span class='ocrx_word' id='word_1_429' title='bbox 390 3863 469 3901; x_wconf 68' lang='lat' dir='ltr'><strong>mens.</strong></span> <span class='ocrx_word' id='word_1_430' title='bbox 489 3848 584 3897; x_wconf 82' lang='lat' dir='ltr'><strong>Choiac</strong></span> <span class='ocrx_word' id='word_1_431' title='bbox 602 3847 631 3896; x_wconf 83' lang='lat' dir='ltr'><strong>s&#39;n</strong></span> <span class='ocrx_word' id='word_1_432' title='bbox 651 3862 751 3910; x_wconf 56' lang='lat' dir='ltr'><strong>mama</strong></span> <span class='ocrx_word' id='word_1_433' title='bbox 769 3849 878 3898; x_wconf 80' lang='lat' dir='ltr'><strong>ecclesia</strong></span> <span class='ocrx_word' id='word_1_434' title='bbox 896 3852 1047 3905; x_wconf 77' lang='lat' dir='ltr'><strong>Alexandr.</strong></span> <span class='ocrx_word' id='word_1_435' title='bbox 1062 3861 1200 3916; x_wconf 66' lang='lat' dir='ltr'><strong>praeeunte</strong></span> <span class='ocrx_word' id='word_1_436' title='bbox 1219 3854 1314 3920; x_wconf 70' lang='lat' dir='ltr'><strong>cysare</strong></span> <span class='ocrx_word' id='word_1_437' title='bbox 1337 3854 1371 3903; x_wconf 78' lang='lat' dir='ltr'><strong>ds</strong></span> <span class='ocrx_word' id='word_1_438' title='bbox 1387 3870 1437 3904; x_wconf 79' lang='lat' dir='ltr'><strong>nn-</strong></span> 
     </span>
    </p>
   </div>
   <div class='ocr_carea' id='block_1_11' title="bbox 223 3912 1565 3976">
    <p class='ocr_par' dir='ltr' id='par_1_15' title="bbox 223 3912 1565 3976">
     <span class='ocr_line' id='line_1_46' title="bbox 223 3912 1565 3976; baseline 0.01 -13"><span class='ocrx_word' id='word_1_439' title='bbox 223 3916 536 3969; x_wconf 66' lang='lat' dir='ltr'><strong>strenuosissimus.</strong></span> <span class='ocrx_word' id='word_1_440' title='bbox 572 3912 1436 3976; x_wconf 68' lang='lat' dir='ltr'><strong>ascensuum.chersonesum.tetrorusPetns.</strong></span> <span class='ocrx_word' id='word_1_441' title='bbox 1510 3940 1513 3947; x_wconf 56' lang='lat'><em>‘</em></span> <span class='ocrx_word' id='word_1_442' title='bbox 1564 3956 1565 3963; x_wconf 58' lang='lat'><strong>.</strong></span> 
     </span>
    </p>
   </div>
   <div class='ocr_carea' id='block_1_12' title="bbox 220 3982 1437 4103">
    <p class='ocr_par' dir='ltr' id='par_1_16' title="bbox 220 3982 1437 4103">
     <span class='ocr_line' id='line_1_47' title="bbox 220 3982 1437 4103; baseline 0.009 -69"><span class='ocrx_word' id='word_1_443' title='bbox 220 3986 395 4103; x_wconf 44' lang='lat' dir='ltr'><strong>2038th</strong></span> <span class='ocrx_word' id='word_1_444' title='bbox 433 3983 627 4052; x_wconf 85' lang='lat' dir='ltr'><strong>Theophaniam</strong></span> <span class='ocrx_word' id='word_1_445' title='bbox 655 3991 681 4036; x_wconf 87' lang='lat' dir='ltr'><strong>et</strong></span> <span class='ocrx_word' id='word_1_446' title='bbox 706 3982 877 4052; x_wconf 82' lang='lat' dir='ltr'><strong>Epiphaniam</strong></span> <span class='ocrx_word' id='word_1_447' title='bbox 907 3994 1030 4055; x_wconf 78' lang='lat' dir='ltr'><strong>tanquam</strong></span> <span class='ocrx_word' id='word_1_448' title='bbox 1057 3989 1108 4040; x_wconf 90' lang='lat' dir='ltr'><strong>duo</strong></span> <span class='ocrx_word' id='word_1_449' title='bbox 1141 3988 1246 4042; x_wconf 86' lang='lat' dir='ltr'><strong>diversa</strong></span> <span class='ocrx_word' id='word_1_450' title='bbox 1275 3990 1343 4044; x_wconf 80' lang='lat' dir='ltr'><strong>testa</strong></span> <span class='ocrx_word' id='word_1_451' title='bbox 1366 4006 1437 4045; x_wconf 85' lang='lat' dir='ltr'><strong>eom-</strong></span> 
     </span>
    </p>
   </div>
   <div class='ocr_carea' id='block_1_13' title="bbox 216 4183 1500 4598">
    <p class='ocr_par' dir='ltr' id='par_1_17' title="bbox 219 4183 1435 4331">
     <span class='ocr_line' id='line_1_48' title="bbox 220 4183 1435 4260; baseline 0.012 -22"><span class='ocrx_word' id='word_1_452' title='bbox 220 4186 395 4240; x_wconf 81' lang='lat' dir='ltr'><strong>introduxisso</strong></span> <span class='ocrx_word' id='word_1_453' title='bbox 413 4183 509 4239; x_wconf 85' lang='lat' dir='ltr'><strong>dicitur</strong></span> <span class='ocrx_word' id='word_1_454' title='bbox 528 4191 554 4240; x_wconf 94' lang='lat' dir='ltr'><strong>in</strong></span> <span class='ocrx_word' id='word_1_455' title='bbox 572 4192 724 4241; x_wconf 65' lang='lat' dir='ltr'><strong>nonnanes</strong></span> <span class='ocrx_word' id='word_1_456' title='bbox 741 4193 859 4259; x_wconf 66' lang='lat' dir='ltr'><strong>eampse,</strong></span> <span class='ocrx_word' id='word_1_457' title='bbox 879 4208 955 4260; x_wconf 83' lang='lat' dir='ltr'><strong>quam</strong></span> <span class='ocrx_word' id='word_1_458' title='bbox 973 4210 1005 4246; x_wconf 80' lang='lat' dir='ltr'><strong>ex</strong></span> <span class='ocrx_word' id='word_1_459' title='bbox 1023 4195 1080 4246; x_wconf 89' lang='lat' dir='ltr'><strong>cod.</strong></span> <span class='ocrx_word' id='word_1_460' title='bbox 1101 4210 1179 4247; x_wconf 88' lang='lat' dir='ltr'><strong>mser.</strong></span> <span class='ocrx_word' id='word_1_461' title='bbox 1208 4197 1315 4249; x_wconf 82' lang='lat' dir='ltr'><strong>exhibet</strong></span> <span class='ocrx_word' id='word_1_462' title='bbox 1332 4197 1435 4252; x_wconf 83' lang='lat' dir='ltr'><strong>Cute-</strong></span> 
     </span>
     <span class='ocr_line' id='line_1_49' title="bbox 219 4253 1433 4331; baseline 0.01 -24"><span class='ocrx_word' id='word_1_463' title='bbox 219 4253 335 4307; x_wconf 85' lang='lat' dir='ltr'><strong>lerius</strong></span> <span class='ocrx_word' id='word_1_464' title='bbox 355 4260 414 4308; x_wconf 77' lang='lat' dir='ltr'><strong>Pet.</strong></span> <span class='ocrx_word' id='word_1_465' title='bbox 435 4261 532 4321; x_wconf 81' lang='lat' dir='ltr'><strong>Apost.</strong></span> <span class='ocrx_word' id='word_1_466' title='bbox 552 4256 583 4308; x_wconf 90' lang='grc' dir='ltr'><strong>Τ.</strong></span> <span class='ocrx_word' id='word_1_467' title='bbox 596 4258 616 4309; x_wconf 90' lang='lat'><strong>1.</strong></span> <span class='ocrx_word' id='word_1_468' title='bbox 658 4296 664 4310; x_wconf 91' lang='lat'><strong>.</strong></span> <span class='ocrx_word' id='word_1_469' title='bbox 684 4263 744 4313; x_wconf 86' lang='grc'><strong>313.</strong></span> <span class='ocrx_word' id='word_1_470' title='bbox 764 4261 820 4311; x_wconf 84' lang='lat' dir='ltr'><strong>sive</strong></span> <span class='ocrx_word' id='word_1_471' title='bbox 840 4262 1021 4315; x_wconf 86' lang='lat' dir='ltr'><strong>observatione</strong></span> <span class='ocrx_word' id='word_1_472' title='bbox 1031 4270 1074 4317; x_wconf 85' lang='lat'><strong>21.</strong></span> <span class='ocrx_word' id='word_1_473' title='bbox 1089 4264 1122 4316; x_wconf 91' lang='lat' dir='ltr'><strong>ed</strong></span> <span class='ocrx_word' id='word_1_474' title='bbox 1136 4266 1242 4320; x_wconf 75' lang='lat' dir='ltr'><strong>menie.</strong></span> <span class='ocrx_word' id='word_1_475' title='bbox 1254 4271 1350 4331; x_wconf 69' lang='lat' dir='ltr'><strong>Aponi.</strong></span> <span class='ocrx_word' id='word_1_476' title='bbox 1364 4265 1385 4318; x_wconf 87' lang='grc'><strong>1.</strong></span> <span class='ocrx_word' id='word_1_477' title='bbox 1399 4266 1433 4319; x_wconf 82' lang='lat' dir='ltr'><strong>V.</strong></span> 
     </span>
    </p>

    <p class='ocr_par' dir='ltr' id='par_1_18' title="bbox 216 4276 1500 4598">
     <span class='ocr_line' id='line_1_50' title="bbox 287 4276 1500 4400; baseline 0.012 -26"><span class='ocrx_word' id='word_1_478' title='bbox 287 4325 364 4392; x_wconf 74' lang='lat'>†††)</span> <span class='ocrx_word' id='word_1_479' title='bbox 390 4323 540 4376; x_wconf 82' lang='lat' dir='ltr'><strong>Dooueruut</strong></span> <span class='ocrx_word' id='word_1_480' title='bbox 564 4327 612 4377; x_wconf 87' lang='lat' dir='ltr'><strong>boe</strong></span> <span class='ocrx_word' id='word_1_481' title='bbox 636 4276 880 4395; x_wconf 77' lang='lat' dir='ltr'><strong>hospinianus</strong></span> <span class='ocrx_word' id='word_1_482' title='bbox 909 4336 976 4399; x_wconf 77' lang='lat' dir='ltr'><strong>opp.</strong></span> <span class='ocrx_word' id='word_1_483' title='bbox 1002 4330 1033 4383; x_wconf 87' lang='grc' dir='ltr'><strong>Τ.</strong></span> <span class='ocrx_word' id='word_1_484' title='bbox 1061 4336 1087 4384; x_wconf 82' lang='lat'><strong>2.</strong></span> <span class='ocrx_word' id='word_1_485' title='bbox 1119 4333 1138 4382; x_wconf 90' lang='grc' dir='ltr'><strong>Ι.</strong></span> <span class='ocrx_word' id='word_1_486' title='bbox 1167 4339 1193 4386; x_wconf 79' lang='lat'><strong>2.</strong></span> <span class='ocrx_word' id='word_1_487' title='bbox 1215 4349 1240 4400; x_wconf 91' lang='lat' dir='ltr'><strong>p.</strong></span> <span class='ocrx_word' id='word_1_488' title='bbox 1271 4339 1330 4387; x_wconf 83' lang='lat'><strong>171.</strong></span> <span class='ocrx_word' id='word_1_489' title='bbox 1356 4335 1433 4387; x_wconf 87' lang='lat' dir='ltr'><strong>Chr.</strong></span> <span class='ocrx_word' id='word_1_490' title='bbox 1496 4338 1500 4345; x_wconf 86' lang='grc'><em>’</em></span> 
     </span>
     <span class='ocr_line' id='line_1_51' title="bbox 218 4390 1434 4470; baseline 0.007 -25"><span class='ocrx_word' id='word_1_491' title='bbox 218 4390 311 4445; x_wconf 81' lang='lat' dir='ltr'><strong>Witd</strong></span> <span class='ocrx_word' id='word_1_492' title='bbox 322 4394 422 4459; x_wconf 78' lang='lat' dir='ltr'><strong>vogal</strong></span> <span class='ocrx_word' id='word_1_493' title='bbox 442 4394 609 4459; x_wconf 77' lang='lat' dir='ltr'><strong>Chronnseop,</strong></span> <span class='ocrx_word' id='word_1_494' title='bbox 627 4399 681 4460; x_wconf 73' lang='lat' dir='ltr'><strong>teg.</strong></span> <span class='ocrx_word' id='word_1_495' title='bbox 701 4396 810 4449; x_wconf 78' lang='lat' dir='ltr'><strong>exercit.</strong></span> <span class='ocrx_word' id='word_1_496' title='bbox 829 4397 874 4450; x_wconf 87' lang='lat' dir='ltr'><strong>Vi.</strong></span> <span class='ocrx_word' id='word_1_497' title='bbox 893 4401 927 4450; x_wconf 81' lang='lat' dir='ltr'><strong>de</strong></span> <span class='ocrx_word' id='word_1_498' title='bbox 944 4419 974 4450; x_wconf 84' lang='lat' dir='ltr'><strong>eo</strong></span> <span class='ocrx_word' id='word_1_499' title='bbox 990 4401 1061 4470; x_wconf 70' lang='lat' dir='ltr'><strong>qnod</strong></span> <span class='ocrx_word' id='word_1_500' title='bbox 1072 4400 1177 4469; x_wconf 76' lang='lat' dir='ltr'><strong>justane</strong></span> <span class='ocrx_word' id='word_1_501' title='bbox 1195 4411 1233 4452; x_wconf 82' lang='lat' dir='ltr'><strong>sst</strong></span> <span class='ocrx_word' id='word_1_502' title='bbox 1250 4404 1320 4452; x_wconf 71' lang='lat' dir='ltr'><strong>arhen</strong></span> <span class='ocrx_word' id='word_1_503' title='bbox 1337 4402 1434 4467; x_wconf 66' lang='lat' dir='ltr'><strong>festum</strong></span> 
     </span>
     <span class='ocr_line' id='line_1_52' title="bbox 216 4463 1434 4598; baseline 0.011 -86"><span class='ocrx_word' id='word_1_504' title='bbox 216 4463 364 4598; x_wconf 53' lang='lat' dir='ltr'><strong>pggs‘am&#39;tgnp</strong></span> <span class='ocrx_word' id='word_1_505' title='bbox 380 4467 404 4520; x_wconf 82' lang='grc' dir='ltr'><strong>Ι.</strong></span> <span class='ocrx_word' id='word_1_506' title='bbox 422 4465 449 4518; x_wconf 81' lang='lat' dir='ltr'><strong>C.</strong></span> <span class='ocrx_word' id='word_1_507' title='bbox 466 4476 493 4530; x_wconf 82' lang='lat' dir='ltr'><strong>p·</strong></span> <span class='ocrx_word' id='word_1_508' title='bbox 515 4464 576 4518; x_wconf 82' lang='lat'><strong>307.</strong></span> <span class='ocrx_word' id='word_1_509' title='bbox 594 4472 623 4515; x_wconf 86' lang='lat' dir='ltr'><strong>et</strong></span> <span class='ocrx_word' id='word_1_510' title='bbox 638 4465 710 4518; x_wconf 78' lang='lat' dir='ltr'><strong>doh.</strong></span> <span class='ocrx_word' id='word_1_511' title='bbox 732 4464 946 4522; x_wconf 86' lang='lat' dir='ltr'><strong>Praetorius</strong></span> <span class='ocrx_word' id='word_1_512' title='bbox 960 4469 1024 4524; x_wconf 70' lang='lat' dir='ltr'><strong>tiis</strong></span> <span class='ocrx_word' id='word_1_513' title='bbox 1044 4469 1332 4536; x_wconf 74' lang='lat' dir='ltr'><strong>Weihnaohrssretsen.</strong></span> <span class='ocrx_word' id='word_1_514' title='bbox 1345 4471 1434 4544; x_wconf 80' lang='lat' dir='ltr'><strong>(Lipe.</strong></span> 
     </span>
    </p>
   </div>
   <div class='ocr_carea' id='block_1_14' title="bbox 0 0 1576 5056">
    <p class='ocr_par' dir='ltr' id='par_1_19' title="bbox 0 0 1576 5056">
     <span class='ocr_line' id='line_1_53' title="bbox 0 0 1576 5056; baseline 0 3"><span class='ocrx_word' id='word_1_515' title='bbox 0 0 1576 5056; x_wconf 95' lang='lat' dir='ltr'><strong> </strong></span> 
     </span>
    </p>
   </div>
   <div class='ocr_carea' id='block_1_15' title="bbox 288 4116 1508 4198">
    <p class='ocr_par' dir='ltr' id='par_1_20' title="bbox 288 4116 1508 4198">
     <span class='ocr_line' id='line_1_54' title="bbox 288 4116 1508 4198; baseline 0.011 -29"><span class='ocrx_word' id='word_1_516' title='bbox 288 4120 341 4180; x_wconf 70' lang='grc' dir='ltr'><strong>Η)</strong></span> <span class='ocrx_word' id='word_1_517' title='bbox 359 4118 374 4170; x_wconf 82' lang='grc'><strong>1</strong></span> <span class='ocrx_word' id='word_1_518' title='bbox 384 4135 399 4169; x_wconf 83' lang='grc' dir='ltr'><strong>ιι</strong></span> <span class='ocrx_word' id='word_1_519' title='bbox 411 4120 554 4172; x_wconf 82' lang='lat' dir='ltr'><strong>venulis</strong></span> <span class='ocrx_word' id='word_1_520' title='bbox 572 4135 626 4173; x_wconf 85' lang='lat' dir='ltr'><strong>sec·</strong></span> <span class='ocrx_word' id='word_1_521' title='bbox 644 4121 677 4173; x_wconf 88' lang='lat' dir='ltr'><strong>V.</strong></span> <span class='ocrx_word' id='word_1_522' title='bbox 699 4125 911 4177; x_wconf 86' lang='lat' dir='ltr'><strong>consuetudinem</strong></span> <span class='ocrx_word' id='word_1_523' title='bbox 931 4125 1079 4178; x_wconf 83' lang='lat' dir='ltr'><strong>celebrandi</strong></span> <span class='ocrx_word' id='word_1_524' title='bbox 1103 4128 1148 4182; x_wconf 82' lang='lat'><strong>25.</strong></span> <span class='ocrx_word' id='word_1_525' title='bbox 1171 4128 1228 4179; x_wconf 88' lang='lat' dir='ltr'><strong>dec.</strong></span> <span class='ocrx_word' id='word_1_526' title='bbox 1248 4116 1435 4198; x_wconf 64' lang='lat' dir='ltr'><strong>minsa</strong></span> <span class='ocrx_word' id='word_1_527' title='bbox 1503 4164 1508 4167; x_wconf 96' lang='lat'>-</span> 
     </span>
    </p>
   </div>
  </div>
 </body>
</html>
