3144 5056
323 291 360 353 de
376 286 454 372 orig.
471 288 575 354 suiten.
592 289 682 357 natal.
697 291 769 359 Cirr.
786 314 824 358 ex
838 290 936 363 lestis.
952 297 1060 365 nanffi
1076 299 1189 369 invicti.
1296 296 1361 371 lid

143 463 267 542 lutitiae,
284 461 337 526 ubi
353 462 516 527 infantulus
530 466 629 544 lesus,
647 475 739 530 muter
753 468 829 551 ejus,
845 471 1001 553 insopitus,
1017 472 1116 556 magi,
1134 483 1270 558 pastores
1286 495 1358 559 sps·

143 551 242 615 ctandi
259 550 444 615 crismentur.
476 552 669 635 Maximeque
691 555 722 617 in
741 556 925 620 monasteriis
944 561 1109 622 coussmaii
1125 573 1194 625 sunt
1213 552 1358 646 ejusmoni

141 638 206 702 ludi
222 637 343 717 scenici,
361 638 520 719 agentibus
536 642 637 722 pueris
654 662 690 703 uc
706 644 857 705 monacbis
881 666 934 727 per
956 646 1011 709 bos
1034 647 1098 710 dies
1122 649 1258 730 inbulns,
1289 652 1358 733 qui-

141 729 209 806 bus,
225 725 393 846 marpesiam
410 726 568 791 natiuitatis
584 729 712 810 ctrisn,
736 729 861 813 indigna
884 742 964 797 tanto
986 736 1123 818 mysterio
1147 737 1278 817 ratione,
1306 739 1356 801 in-

59 888 70 899 ὶ
109 824 277 907 xstatuant
299 817 323 895 ).
1037 884 1044 891 ,
1337 850 1343 855 ·

230 898 292 980 Qui
315 919 473 982 puerorum
499 899 583 963 lusus
612 911 704 965 ortum
729 911 881 967 traxerant
896 926 932 970 ex
946 907 1136 990 juvenalibus
1147 906 1193 989 *⁸)
1217 908 1356 993 veterum,
1414 963 1417 967 .

143 1006 219 1072 quae
240 1006 357 1070 pagana
380 988 484 1051 Roma·
499 987 591 1069 primo
617 989 665 1051 die
688 1002 755 1072 pust
778 993 904 1055 natalem
922 994 1023 1057 inuicti
1046 996 1144 1058 finitis
1154 999 1356 1064 saturnalibus

144 1073 326 1139 celebrabat.
344 1074 472 1137 Eosdem
491 1074 563 1136 ritus
581 1076 744 1140 obtinuisse
761 1082 905 1161 quondam
922 1086 992 1157 festo
1005 1105 1044 1146 ss.
1063 1091 1215 1148 Proetum
1233 1106 1288 1147 sen
1302 1074 1350 1149 ta·

139 1174 306 1239 noeentum,
331 1161 423 1225 iiuitis
439 1161 521 1224 feriis
538 1162 646 1225 natulis
665 1164 783 1244 Cleristi,
802 1166 834 1228 iu
850 1168 947 1231 multis
966 1170 1134 1234 Occidentis
1152 1162 1303 1251 secludis,
1328 1181 1358 1239 cl

29 1342 31 1351 Α
92 1324 98 1336 „
141 1251 289 1332 hodieque
306 1248 691 1330 obtinereinLugdunonsi,
709 1254 835 1334 prodidit
850 1255 995 1318 Edmun
1008 1259 1078 1318 dns
1095 1260 1356 1342 Martanum).

144 1392 373 1411 W

142 1471 323 1536 brandus,
345 1470 377 1520 de
396 1471 491 1521 Notas.
512 1480 562 1528 set.
580 1489 634 1526 rae.
653 1482 677 1523 et
693 1473 764 1539 pros.
782 1489 805 1529 o.
823 1474 884 1529 Xti.
904 1476 971 1528 Sunt
988 1479 1014 1530 ti
1031 1479 1113 1544 tusus,
1131 1481 1180 1532 ime
1196 1479 1287 1533 tarrae
1306 1496 1356 1535 aa·

141 1540 255 1604 iulittae,
274 1539 375 1606 quando
394 1538 449 1604 alii,
471 1540 565 1606 partim
583 1539 651 1592 lacte
673 1540 751 1608 iaedi,
769 1546 864 1611 partim
879 1546 986 1598 inveniti
1004 1546 1086 1599 torma
1100 1549 1241 1616 conspicui,
1261 1550 1355 1621 partius

140 1607 290 1660 veneranda
310 1607 406 1659 nunide
425 1622 533 1672 graves,
555 1608 703 1674 Christum,
725 1613 871 1679 apostolos,
891 1615 1013 1679 angelos,
1035 1616 1151 1668 diabolos
1179 1617 1265 1683 specie
1291 1632 1354 1685 pras

141 1693 169 1730 ss
188 1677 312 1741 terentes,
333 1676 458 1728 indomita
472 1677 581 1728 iascivia
594 1680 733 1730 comitante
746 1682 958 1748 nequissimorum
972 1698 1108 1750 puerorum
1125 1685 1244 1749 colluvie,
1266 1687 1354 1737 nescio

142 1760 205 1815 qaas
224 1742 403 1814 processiones
421 1742 529 1811 iaciunt,
552 1746 686 1813 splendida
702 1764 797 1866 pompa
817 1758 844 1801 et
860 1752 1028 1803 venerat-ione
1053 1753 1085 1803 ad
1109 1752 1235 1806 isilendos
1260 1769 1354 1822 pueros

140 1815 291 1884 predaeque
309 1814 388 1865 aedes
409 1813 508 1866 intrant
536 1815 683 1882 eisdemque
719 1818 809 1881 oraria
827 1819 985 1871 distribuunt
1004 1849 1035 1860 -
1051 1821 1110 1883 bac,
1129 1821 1242 1888 inquam,
1265 1823 1354 1875 larvas
1377 1852 1383 1855 -

141 1884 205 1937 entis
225 1884 331 1950 ineptae
350 1888 420 1947 sunt,
441 1881 551 1950 publicis
570 1884 671 1948 edictis,
695 1886 823 1952 aliquibus
841 1887 867 1937 iu
886 1888 949 1939 locis
967 1888 1123 1955 prohibitae,
1143 1890 1221 1942 etiam
1242 1892 1267 1942 in
1288 1893 1355 1941 Iure

143 1952 239 2005 Canon.
264 1964 288 2001 o.
316 1948 377 2001 xit.
404 1954 554 2016 maroug.
580 1949 632 2003 Tit.
653 1952 673 2003 l.
701 1953 755 2004 Cir.
774 1952 798 2005 l.
819 1954 850 2006 Α.
874 1954 1043 2009 Schmidii
1063 1960 1133 2008 Ht'st.
1152 1958 1242 2022 festor.
1261 1974 1286 2027 p.
1308 1960 1354 2013 ts.

142 2020 274 2073 Calamam
292 2026 384 2070 contra
403 2018 449 2070 bns
466 2019 540 2070 ludus
558 2021 719 2092 sirisperunt
733 2021 790 2073 Ge.
810 2021 954 2075 Grabow
979 2027 1007 2073 te
1036 2025 1102 2075 des.-
1121 2026 1293 2090 Easdertnng
1308 2027 1355 2076 des

145 2088 243 2139 Wcrls
268 2088 315 2136 dns·
333 2088 492 2150 Ficariensis,
519 2090 626 2140 welches
648 2099 725 2140 aeter
744 2092 800 2141 dem
817 2101 994 2158 augescentes
1014 2093 1075 2147 teu.
1098 2094 1183 2145 Christ
1201 2096 1354 2156 verborgen.

142 2157 213 2226 Lips.
244 2158 322 2210 loss.
363 2155 433 2209 deb.
460 2153 558 2208 Gabr.
587 2157 776 2210 Dreobster
809 2161 841 2210 de
860 2162 1028 2216 cadmum.
1055 2163 1137 2212 turcis
1164 2164 1269 2212 notatis.
1288 2162 1352 2214 ibid.

142 2226 220 2280 1677.
256 2222 386 2279 Viderunt
406 2225 483 2289 enim,
503 2241 550 2294 per
567 2224 692 2291 ejusmodi
707 2230 878 2279 ceremoniam
899 2245 1000 2281 crassos
1019 2238 1046 2280 et
1063 2230 1153 2297 impios
1172 2231 1203 2281 de
1221 2229 1275 2282 beo
1294 2246 1355 2281 con·

142 2295 349 2362 ceptuscerer‘ae
362 2293 497 2361 pusionutu
517 2294 599 2346 indoli
617 2296 727 2361 imprimi
749 2312 887 2362 eorumque
910 2298 1002 2349 animis
1020 2298 1141 2349 instillari
1154 2313 1280 2351 venenum
1299 2298 1355 2349 idn·

141 2365 273 2415 tutatriae.
322 2362 374 2414 itas
400 2375 442 2413 res
467 2362 645 2415 ethnicismum
663 2364 759 2415 imitari
778 2366 941 2429 intelligent,
968 2367 1010 2431 qui
1035 2367 1211 2431 meminerint,
1240 2366 1353 2446 riquinus

32 2468 38 2475 -
144 2431 213 2500 apud
224 2430 333 2494 gentiles
351 2430 505 2498 opinionem,
527 2431 588 2480 deos
607 2431 718 2481 bumana
735 2433 822 2499 specie
843 2433 1037 2500 sequendoque
1055 2435 1200 2485 bominibus
1217 2435 1353 2498 sabtbere,
1437 2470 1444 2478 ·

141 2500 234 2568 quates
258 2494 422 2565 inspectior
447 2497 595 2565 Lycaoniae
619 2500 706 2566 pupuli
732 2500 899 2550 crediderunt
915 2501 973 2551 Act.
999 2505 1039 2562 ts,
1060 2506 1100 2553 ¹2.
1137 2502 1176 2554 Ad
1199 2504 1245 2553 bas
1266 2503 1353 2553 larvas

139 2567 277 2619 natalitias
297 2568 409 2634 pertinet
429 2580 528 2634 quoque
543 2566 667 2618 terribilis
685 2565 729 2617 ilie
748 2566 886 2636 Repertus,
907 2570 938 2619 ad
955 2569 1111 2620 coercendos
1129 2584 1222 2637 pueros
1240 2569 1354 2636 puellas-

140 2652 189 2704 que
208 2634 381 2698 encopstatns,
402 2634 468 2701 apud
488 2649 551 2702 quos
570 2636 593 2685 is
611 2641 711 2686 tautum
732 2636 814 2698 veut,
833 2643 954 2702 quantum
972 2637 1031 2687 oiim
1052 2637 1118 2705 apud
1138 2636 1264 2688 Romanos
1285 2636 1354 2687 llan-

140 2704 221 2760 nibal.
256 2701 336 2770 Quem
356 2704 432 2755 ritum
451 2703 500 2753 bac
519 2702 655 2753 occasione
674 2703 757 2755 dicatu
778 2708 865 2755 uatum
889 2705 989 2770 videri,
1022 2721 1070 2756 nou
1091 2722 1123 2757 ex
1141 2704 1228 2756 iubnlu
1251 2706 1282 2756 de
1303 2703 1354 2759 nu-

136 2781 222 2845 perio,
242 2773 378 2823 secerdote
390 2772 416 2823 iu
437 2778 523 2821 tractu
543 2770 708 2822 ilalberstad.
733 2773 859 2823 enitentes
885 2780 959 2824 uncte
979 2774 1097 2825 natalitia
1116 2774 1178 2825 diris
1199 2774 1352 2838 devovente,

140 2857 215 2912 qnam
234 2838 453 2891 Trttbemins
474 2840 565 2890 Cleon.
588 2840 719 2903 Hirsaeg.
739 2838 769 2892 Τ.
785 2839 805 2893 Ι,
825 2855 885 2908 pag.
904 2843 961 2895 157.
984 2849 1011 2893 ct
1031 2841 1199 2893 Grunnius
1214 2843 1242 2890 in
1255 2845 1353 2896 saxon.

139 2915 165 2975 t,
179 2916 205 2965 3.
229 2909 342 2961 babeat:
360 2909 404 2959 sed
425 2922 458 2959 ex
475 2908 611 2976 spirituum
632 2909 739 2974 quodam
755 2924 859 2973 genere,
880 2913 1023 2978 στοιχείων
1041 2910 1118 2974 dicto,
1139 2911 1206 2978 quod
1224 2908 1353 2977 liupertns
1404 2974 1408 2981 Ι

138 2981 182 3032 itte
201 2983 391 3045 repraesentat,
411 2992 485 3044 quem
504 2974 603 3040 dicunt,
635 2977 661 3025 ia
680 2978 766 3028 caveis
794 2975 941 3030 domesticis
967 2981 1092 3031 bominem
1114 2979 1194 3031 veluti
1221 2978 1353 3043 nigerrimi

139 3048 255 3111 coloris,
287 3052 364 3097 noctu
390 3060 486 3112 saepe,
520 3060 579 3095 raro
607 3045 720 3097 interdiu
748 3062 882 3113 apparare.
930 3046 984 3099 Cir.
1005 3048 1106 3099 Leon.
1139 3047 1297 3099 dilutius
1321 3046 1354 3095 ds

142 3111 523 3183 proceleumaticum,
545 3117 606 3166 200.
626 3108 701 3164 Car.
725 3112 819 3166 Frid.
846 3113 1017 3166 Peznldus
1045 3115 1107 3166 diss.
1134 3114 1166 3164 ds
1190 3115 1296 3178 Sancti,
1322 3122 1354 3163 st

137 3192 241 3249 serant,
263 3182 360 3233 Christi
377 3183 459 3231 tornis
477 3182 676 3231 ermenmarus
693 3178 764 3250 Lips.
788 3184 862 3234 1699.
877 3190 997 3235 recenset
1014 3191 1110 3234 mortes
1127 3190 1154 3235 et
1165 3183 1267 3245 damus,
1286 3195 1352 3248 quae

138 3250 331 3370 meticulositet
350 3251 501 3302 innoeentes
522 3249 595 3318 pueri
616 3264 648 3300 cx
666 3250 794 3301 borreudo
814 3249 921 3319 Ruperti
940 3257 1047 3318 aspectu
1065 3258 1093 3302 et
1110 3250 1143 3301 ad
1162 3264 1266 3303 saccum
1278 3264 1352 3304 snum

137 3338 167 3375 rs
186 3329 215 3373 tu
249 3335 292 3372 ass
320 3326 389 3371 sunt.
1151 3338 1158 3351 ·

169 3339 184 3391 p
207 3337 362 3450 *litabunt
391 3386 516 3455 ejusmodi
544 3389 797 3456 repraesentationes
827 3389 908 3440 muita
926 3401 1021 3456 saepe,
1049 3402 1115 3455 quac
1134 3387 1211 3455 pians
1236 3384 1303 3438 laisa
1326 3391 1354 3437 ei

139 3472 251 3510 erronee
269 3463 338 3508 sunt.
376 3455 621 3521 Utrerbtcansn,
643 3457 753 3524 nequid
773 3456 841 3508 desit
861 3457 1030 3524 ineptiarum,
1060 3463 1133 3508 tauto
1158 3461 1243 3508 nutem
1268 3454 1354 3522 mien-

54 3564 60 3569 -
139 3529 226 3580 didius
245 3532 321 3592 atque
340 3525 485 3591 elegantior
502 3524 628 3589 ejusmodi
653 3524 803 3588 celebriter,
823 3525 911 3577 asinus
928 3533 954 3577 et
968 3526 1014 3576 bos
1029 3526 1126 3577 induce
1145 3531 1172 3575 et
1186 3524 1264 3575 boatu
1283 3523 1354 3574 actui

139 3595 299 3664 adplaudere
322 3594 455 3659 iubentur.
493 3592 544 3644 Sed
572 3607 640 3644 vana
672 3601 712 3645 ast
736 3595 801 3645 baec
828 3594 947 3646 brutinus
973 3593 1136 3662 praesentiae
1164 3592 1190 3643 in
1216 3591 1353 3642 nativitate

140 3663 237 3716 Cbristi
261 3662 385 3729 traditio,
414 3676 490 3744 quam
518 3660 657 3714 defendens
684 3661 778 3744 (tace.
800 3655 1354 3716 baroniusAanu1.tterl.l’.1.3.n

139 3732 553 3870 ttttltttbittbit.
568 3726 1355 3863 tst²trt¹ltft3⁰2²³ttitlttttttttt’tt

156 3870 222 3922 und:
244 3865 276 3917 tv
291 3868 368 3938 μέσῳ
386 3860 438 3919 dio
456 3859 533 3929 ζώων
549 3861 700 3936 γνωσθήσῃ
722 3867 906 3933 reddiderunt,
926 3882 1000 3935 qnam
1020 3864 1209 3943 corruptionem
1233 3859 1354 3945 deinceps

137 3887 281 4001 lontidcii,
303 3950 336 3989 cx
356 3937 468 3989 absurdo
487 3936 611 4004 parallelo
631 3934 776 3997 leuatae
799 3945 821 4000 t,
840 3941 866 3987 3.
892 3943 919 3987 et
942 3935 1088 3987 cautilenae
1107 3929 1207 3984 verbus:
1233 3924 1355 3979 madanti

138 4008 184 4058 doe
201 4015 227 4056 et
247 4006 347 4070 astons,
370 4005 522 4057 cuulirmnss
543 4004 707 4055 studuerunt.
729 4003 807 4056 Falso
828 4004 906 4056 etiam
925 4004 1006 4058 iocus.
1027 4004 1053 4054 in
1074 4016 1123 4068 qno
1141 3997 1216 4050 tetes
1236 4011 1251 4049 a
1270 3999 1353 4062 magis

141 4076 266 4128 adoratas
293 4074 359 4140 isit,
385 4073 515 4125 stabulum
543 4072 664 4137 lingitur,
694 4087 768 4139 qaum
788 4080 873 4124 tamen
895 4073 962 4134 magi
982 4071 1102 4123 dicamur
1119 4068 1231 4120 intrasse
1249 4067 1287 4124 εἰς
1305 4062 1354 4130 τὴν

140 4145 233 4226 otetur
256 4140 361 4195 matt.
380 4150 420 4225 '‘t,
448 4146 489 4223 it.
515 4134 571 4223 cm
597 4139 693 4192 Paul.
721 4141 798 4195 Chr.
824 4136 992 4195 llilscber
1011 4138 1354 4209 Errorcspt'rtoruetrirra

140 4212 428 4344 eatsapqqteppmfflqqpq
444 4209 735 4347 &indiffinitum
753 4278 904 4340 celebrata,
928 4274 1042 4329 instituit
1059 4271 1178 4338 Cattqntn
1197 4274 1258 4341 imp.
1278 4287 1353 4342 quesn

142 4348 334 4417 Suetonius
355 4355 445 4399 narrat
462 4346 589 4412 adjecisse
612 4345 788 4401 saturnalibus
813 4347 880 4399 diem
906 4359 1014 4425 eumque
1027 4343 1176 4413 juvantem
1198 4341 1353 4412 appellatas.

141 4410 274 4470 liescribit
293 4430 325 4469 ea
343 4416 548 4469 Alexander
567 4414 606 4466 ab
623 4412 831 4466 Alexandro
853 4414 956 4466 (teniat.
974 4414 1038 4466 der.
1058 4411 1076 4462 i.
1096 4413 1123 4462 6.
1146 4426 1169 4461 c.
1188 4414 1230 4466 ts.
1339 4460 1343 4466 .

210 4485 271 4558 ili>
289 4484 385 4554 Λαΐς.
401 4485 474 4542 licet.
492 4484 548 4541 Rei.
571 4487 602 4540 Τ.
621 4484 676 4537 111.
695 4496 756 4550 pes.
777 4487 836 4537 110.
852 4481 894 4535 ed.
908 4481 935 4537 in
954 4480 1000 4536 iot.
1017 4478 1121 4536 Pariter
1140 4472 1212 4533 toa.
1232 4476 1363 4541 Frena„
