3150 5066
516 302 524 323 ·
551 242 954 339 ceremonensem.
1017 361 1021 366 .
1321 277 1364 341 1⁷

38 502 45 511 .
118 514 123 521 ,
142 445 248 513 tanne
266 454 295 509 ct
313 444 455 507 minorum
474 465 542 508 esse
557 448 688 529 adeoque
702 447 763 530 jam
781 466 840 508 non
855 468 923 511 esse
940 445 1126 509 scribendum
1145 466 1173 510 a.
1185 446 1255 511 Cirr.
1268 450 1363 513 loos.

141 539 195 599 sed
210 536 304 614 lant,
317 554 375 615 qua
390 535 427 595 tle
439 554 472 595 re
487 534 610 597 studiosi
622 545 782 615 temporum
799 555 920 597 aureum
934 533 1070 599 volumen
1085 536 1138 597 10.
1152 535 1363 617 Scaligeri

142 627 180 686 de
197 624 339 685 emendat.
352 630 439 702 ternp.
452 631 480 682 et
492 620 665 685 Calvisii
683 624 803 703 lsagog.
817 623 946 686 chronol.
958 644 983 684 c.
994 622 1046 686 41.
1060 622 1214 686 consulere
1230 634 1364 705 possunt.

143 711 229 774 Soliti
243 709 319 772 alias
337 717 406 772 suut
417 716 531 771 veteres
546 709 576 770 in
594 709 662 797 nonj
678 710 748 772 anni
765 709 840 772 felix
855 710 1018 791 auspicium
1031 709 1087 772 sibi
1104 710 1228 773 invicem
1241 730 1363 774 munera
1452 772 1460 787 ,

144 798 267 861 mittere.
300 797 360 859 sot
379 795 449 876 quia
466 816 528 860 mos
544 797 602 858 iste
619 799 656 859 ab
672 797 797 859 ethnicis
814 798 974 874 descendit,
992 800 1121 879 synodus
1138 798 1362 871 1011ρί01000-
1382 840 1386 845 -

141 886 186 948 sis
203 897 313 948 monus
328 892 413 964 ipsas
425 886 578 947 1101011003
595 895 681 946 roeat
696 895 722 945 ct
737 904 829 947 renero
849 888 989 964 probibet,
1014 907 1049 948 nc
1062 893 1127 967 qnia
1148 889 1205 948 1101.
1218 890 1282 964 jon.
1299 904 1364 948 mn·

142 977 263 1036 0030010
280 979 379 1034 mittut.
401 970 539 1052 Inprimis
555 971 678 1035 studiosi
694 992 772 1035 sacr.
787 972 898 1053 antiqq.
915 975 1065 1050 notabunt,
1080 973 1112 1035 iu
1127 973 1217 1035 veteri
1234 974 1365 1036 ecclesia
1475 1044 1480 1050 ,

142 1059 208 1142 kal.
217 1061 280 1142 jan.
290 1079 350 1121 non
360 1058 436 1120 diem
448 1057 565 1137 testum,
577 1062 630 1122 sed
643 1059 718 1121 diem
731 1057 831 1122 luctus
846 1059 953 1124 inisse.
977 1060 1063 1141 Apud
1077 1060 1210 1127 0111οί003
1222 1072 1286 1123 erat
1300 1061 1365 1124 dies

144 1146 285 1210 laetitiae.
317 1146 357 1208 Hi
381 1146 455 1209 enim
480 1145 543 1212 lral.
566 1147 684 1228 jnnnnr.
708 1147 738 1207 in
765 1149 904 1209 bonorem
929 1149 1012 1224 lani,
1028 1168 1046 1209 a
1064 1170 1122 1229 quo
1142 1169 1248 1211 nomen
1271 1149 1365 1212 mensi

146 1245 202 1311 est,
220 1233 353 1296 uictimas
372 1236 553 1308 mactabant,
578 1233 702 1296 choreas
728 1236 872 1314 agebant,
898 1235 1017 1315 publica
1033 1234 1167 1297 convivia
1193 1238 1365 1299 eluctanda

144 1320 316 1405 spectacula
338 1320 547 1399 instituebant,
572 1320 701 1402 pellibus
726 1342 759 1383 sc
784 1321 956 1385 vestiebant.
999 1321 1058 1385 liri
1085 1334 1182 1386 restes
1205 1323 1365 1385 muliebres

143 1412 309 1491 gestabant,
322 1427 398 1488 quae
414 1409 535 1471 mutatio
549 1408 673 1472 restium
691 1409 788 1471 adbuc
805 1407 927 1470 dicitur:
941 1409 1128 1474 Mummerei.
1160 1411 1365 1473 100010111πί-

143 1496 482 1559 0110010010003-001010
508 1495 556 1558 die
568 1496 761 1579 jejunabant,
785 1496 904 1558 litanias
922 1498 1068 1558 cauebant
1091 1508 1121 1559 et
1144 1497 1192 1577 pie
1218 1497 1386 1585 dolebant,¹

142 1585 236 1647 110010
255 1593 310 1646 tam
329 1584 467 1646 atrociter
482 1582 548 1664 ipso
564 1583 634 1645 enni
652 1583 736 1645 initio
750 1580 799 1644 ¹ab
825 1582 948 1646 ethnicis
972 1583 1090 1645 offendi.
1123 1584 1285 1664 Eleganter
1308 1584 1365 1649 bno

41 1712 50 1727 .
144 1674 181 1734 de
198 1692 231 1733 rc
247 1670 420 1734 Ambrosius
437 1668 539 1748 (serm.
557 1672 595 1734 ll.
610 1673 646 1734 de
662 1669 732 1734 kal.
739 1672 835 1752 jan.):
861 1677 932 1752 Noa,
950 1670 1052 1753 inquit,
1069 1674 1114 1732 dic
1127 1678 1182 1734 isto
1191 1674 1364 1751 1010001000,

145 1770 178 1820 ct
192 1762 292 1821 11101101
306 1761 472 1838 intellipont,
487 1765 612 1840 ipsoram
627 1761 732 1838 pordic
742 1760 862 1837 10100113
877 1766 982 1821 nostris
1006 1761 1193 1835 condemnari.
1225 1760 1365 1823 Pluribus

143 1845 289 1928 jejunium
306 1847 383 1907 istud
404 1847 483 1909 Ordo
500 1847 669 1922 Romanus,
692 1845 742 1928 qui
766 1854 833 1907 ante
849 1845 924 1908 haec
940 1855 1005 1907 octo
1021 1867 1082 1908 sec.
1107 1846 1241 1909 unalitas
1258 1856 1318 1925 est,
1336 1857 1367 1909 et

143 1932 317 1996 Albinus
332 1932 509 1995 Flaccus
535 1934 576 2012 tiu
593 1932 644 1995 lob.
662 1935 698 1994 de
715 1931 897 1995 dirimolllc.
915 1954 941 1996 c.
956 1934 1003 2009 4.)
1027 1945 1185 2014 exponunt.
1217 1932 1365 1997 Paulatim

137 2021 172 2082 lui
197 2019 305 2083 etbnici
329 2040 426 2082 mores
449 2021 481 2081 ia
508 2021 603 2102 ipsam
628 2019 784 2083 ecclesiam
808 2018 999 2102 irrepserunt.
1038 2020 1117 2082 'Hine
1142 2020 1231 2103 prisci
1255 2031 1364 2102 patres,

143 2107 316 2191 praesertim
332 2107 560 2190 chrysostomus
576 2108 677 2172 homil.
693 2111 724 2169 in
740 2110 858 2170 eosdem
875 2110 1022 2170 cavendos
1035 2107 1151 2185 babita,
1167 2108 1297 2189 graviter
1314 2114 1376 2172 ro!

145 2197 802 2277 μ10110011001,00011101.1000100100
818 2212 920 2258 morene
944 2202 1049 2258 0100111.
1083 2196 1164 2273 Quin
1189 2205 1217 2258 et
1238 2194 1364 2259 concilia

144 2293 253 2360 extant,
271 2282 378 2364 quibus
395 2282 483 2345 iidem
499 2304 596 2346 mores
610 2283 640 2344 in
659 2283 838 2347 Christianis
853 2290 1000 2347 notantur.
1032 2283 1181 2345 Martinus
1197 2285 1363 2348 bracaren-

148 2370 192 2433 sis
206 2369 253 2449 (in
270 2369 382 2432 collect.
400 2392 424 2432 s.
442 2390 586 2432 canonum
606 2391 632 2434 c.
649 2371 717 2450 37.)
735 2391 772 2432 ex
789 2371 906 2450 graecis
924 2370 1056 2432 conciliis
1073 2391 1163 2451 saepe
1186 2372 1364 2451 prohibitum

146 2457 281 2536 ostendit,
297 2464 333 2520 no'
346 2465 409 2539 petie
423 2461 467 2521 dio
485 2461 618 2536 jnnnnrii
632 2465 723 2539 primo
735 2461 847 2520 donnum
862 2480 944 2520 onom
958 2460 1042 2520 uiridi
1059 2461 1144 2520 lonso·
1158 2461 1256 2521 allisos
1270 2466 1365 2522 oboa-

143 2548 218 2608 tibun
234 2547 363 2608 orborum
379 2552 467 2608 reneio
483 2553 584 2625 cinpnt.
616 2545 696 2623 Quin
714 2554 743 2607 et
765 2560 895 2607 canones
919 2544 1141 2624 poenitentiales
1165 2545 1251 2608 trium
1268 2565 1365 2608 auno-

145 2650 211 2695 rnm
228 2632 434 2714 poenitentiam
450 2631 513 2695 illis
528 2632 704 2714 injungunt,
724 2632 772 2713 qui
789 2631 850 2694 lral.
865 2633 983 2712 januar.
1008 2633 1208 2694 observarunt.
1240 2632 1284 2695 lta
1301 2634 1364 2714 igt-

146 2730 195 2782 tur
219 2720 250 2781 iu
265 2720 355 2782 reteri
379 2720 507 2783 eeclesia
531 2719 592 2782 kal.
606 2720 668 2801 jan.
686 2721 764 2800 apud
789 2719 921 2783 etlnnicos
945 2718 1062 2799 gaudii,
1086 2721 1163 2799 apud
1181 2719 1368 2783 Christianos
1454 2778 1458 2787 ,

145 2807 210 2869 dies
225 2807 320 2870 luctus
335 2809 464 2870 fuerunt.
480 2842 519 2854 -
546 2806 573 2890 ξ.
588 2807 619 2868 2.
637 2807 754 2868 Abolito
777 2807 950 2888 paganismo
976 2806 1056 2870 orbis
1079 2805 1257 2869 christianus
1282 2808 1365 2889 ipsas

145 2914 262 2977 quoque
277 2895 339 2958 kat.
353 2896 415 2977 jan.
430 2895 462 2956 iu
478 2895 585 2958 festum
603 2893 805 2972 commutarit,
830 2896 881 2956 sed
903 2893 970 2957 ideo
988 2903 1116 2971 tantum,
1143 2896 1219 2975 quod
1236 2894 1299 2958 dies
1315 2894 1364 2957 bic

146 2990 269 3046 0010003
286 2992 398 3055 essetn
422 2983 498 3045 testo
515 2981 627 3044 nativit.
649 2981 779 3045 Domini.
811 2982 869 3043 Ubi
891 2980 1016 3043 studiosi
1041 3001 1118 3043 sacr.
1143 2982 1252 3063 antiqq.
1277 2993 1364 3046 nota-

24 3132 32 3142 ,
148 3070 428 3148 nannetensium
441 3069 508 3132 olim
521 3069 714 3151 utajora'anni
729 3069 805 3131 festa
816 3090 868 3149 per
879 3070 1011 3150 integros
1024 3075 1090 3131 octo
1104 3068 1167 3131 dies
1185 3067 1365 3148 celebrasse,

146 3159 202 3218 scd
218 3168 256 3220 ex
270 3157 317 3219 his
335 3158 459 3238 primum
477 3166 505 3220 et
522 3166 655 3218 notarum
681 3156 756 3217 diem
782 3156 966 3218 solenniores
990 3155 1100 3232 luisse,
1124 3155 1190 3218 ideo
1205 3160 1283 3237 quod
1300 3159 1364 3239 ipsc

144 3245 229 3307 Deus
244 3245 276 3306 in
287 3245 322 3308 V.
337 3246 375 3307 Τ.
394 3245 515 3307 ludaeis
531 3246 716 3307 mandasset:
739 3250 861 3306 Oetaeus
877 3250 992 3323 quiaque
1006 3245 1065 3303 dies
1080 3245 1156 3304 00110
1171 3251 1365 3306 sanctissimus

145 3343 213 3395 esto.
246 3332 320 3395 len.
336 3330 391 3410 23,
407 3335 460 3395 36.
494 3332 572 3394 Hinc
590 3334 627 3393 arl
645 3330 835 3393 imitationem
851 3330 1027 3391 ludaeorum
1045 3329 1077 3390 in
1094 3328 1222 3391 ecclesia
1238 3348 1365 3412 magno-

144 3438 211 3480 rum
226 3420 367 3482 lestomm
385 3429 507 3483 amarae
522 3429 690 3501 coeperunt,
707 3418 867 3499 dequibus
884 3416 969 3480 raldo
986 3416 1098 3497 copiosi
1118 3426 1188 3480 sunt
1203 3417 1283 3481 Ordo
1301 3419 1365 3482 Ro-

146 3518 253 3568 manus
271 3516 299 3570 et
321 3506 383 3569 lere
409 3528 529 3585 omnes,
555 3507 604 3587 qni
630 3506 750 3569 rituales
774 3505 865 3567 libros
891 3505 1091 3567 condiderunt.
1120 3505 1247 3567 Faciunt
1269 3516 1366 3569 autent

145 3602 265 3655 octavas
281 3594 366 3656 trium
382 3614 534 3674 genennae.
566 3594 633 3656 Alia
651 3593 757 3655 dicitur
773 3603 876 3655 octana
893 3591 1105 3674 suppletionis,
1123 3592 1182 3654 alia
1198 3595 1367 3656 veneratio-

147 3678 209 3757 qis',
225 3678 284 3743 alia
299 3682 470 3745 devotionis.
503 3682 562 3744 Sed
589 3703 654 3743 cnm
680 3683 716 3743 ari
743 3691 861 3743 octavas
886 3679 1045 3742 rusticitatis
1069 3680 1232 3743 dominicae
1248 3681 1311 3742 sire
1329 3683 1367 3742 ad

145 3766 209 3830 lral.
222 3768 286 3850 jan.
301 3769 494 3850 perveniunt,
520 3769 629 3848 dieunt,
651 3790 686 3831 eo
712 3768 759 3830 die
784 3777 902 3830 octavas
927 3788 1028 3831 omnes
1053 3788 1238 3830 concurrere.
1269 3767 1367 3829 Primo

145 3854 265 3936 quidem
289 3856 506 3938 suppletionis3
535 3877 602 3918 nam
630 3856 750 3938 siquid
773 3856 820 3918 die
844 3855 935 3918 natali
959 3854 1197 3936 praetermissum
1215 3855 1287 3933 luit,
1305 3855 1368 3919 knl‘.
1482 3934 1484 3939 Α

141 3944 207 4024 jan.
231 3940 429 4025 supplendum
446 3964 530 4006 esse.
571 3946 710 4023 Secundo
736 3944 952 4020 venerationis,
976 3944 1045 4025 quia
1068 3942 1173 4003 festum
1198 3944 1368 4021 nativitatis,

144 4030 234 4111 cujus
251 4031 401 4112 appendix
417 4038 462 4093 est
478 4041 589 4109 octava,
608 4041 652 4094 est
668 4030 795 4093 maxima
810 4032 999 4093 veneratione
1022 4029 1152 4108 dignum.
1193 4031 1295 4093 Tertio
1313 4034 1368 4094 de-

145 4117 284 4196 notionis,
302 4122 379 4200 quod
398 4116 472 4180 nulli
488 4119 566 4180 sesto
584 4121 677 4200 major
693 4119 807 4199 deuotio
825 4119 966 4180 debeatur
982 4136 1068 4198 quam
1093 4117 1170 4179 sesto
1188 4119 1293 4195 natali,
1311 4140 1369 4200 quo

144 4203 263 4286 pietatis
280 4206 450 4288 mysterium
466 4205 611 4287 proditum
629 4215 684 4269 est.
699 4240 738 4254 ψ
758 4204 786 4287 §3
800 4206 830 4269 3.
848 4207 970 4266 Praeter
986 4213 1116 4266 octavam
1133 4206 1292 4269 nativitatis
1307 4205 1370 4267 kal.

144 4293 206 4375 jan.
224 4291 366 4356 solennes
382 4294 480 4356 laento
497 4302 582 4370 sunt,
599 4304 712 4374 propter
723 4299 959 4355 circumcisionem
977 4298 1100 4370 11001101,
1118 4312 1177 4373 qua
1192 4316 1267 4374 puer
1281 4296 1369 4356 lesus

143 4380 337 4443 redemtionis
358 4390 479 4445 nostrae
500 4379 618 4445 arrham
634 4389 663 4442 et
679 4380 836 4460 sanguinis
859 4378 907 4442 sui
931 4379 1075 4460 primitias
1098 4381 1239 4461 persolvit
1256 4376 1369 4442 01101-

145 4467 299 4532 pissimum
322 4489 428 4532 nomen
452 4471 543 4549 lesu,
570 4470 649 4553 quod
672 4475 720 4532 est
743 4486 835 4551 snpra
862 4487 946 4530 omne
970 4488 1093 4546 nomen,
1118 4469 1241 4550 accepit.
1272 4468 1369 4544 Quam

197 4579 262 4623 suen
275 4578 464 4633 arumnosas
477 4580 497 4623 1.
510 4585 526 4624 1.
755 4590 757 4593 ·
987 4608 993 4627 t
1147 4569 1184 4649 2Χ
1284 4640 1288 4645 ‚
