3144 5056
192 224 260 294 rot
356 288 361 295 ,
663 212 723 285 ’1.
737 218 773 285 ll.
796 214 899 283 Albert

281 396 513 462 Celebratio
540 393 619 457 diei
647 391 838 455 dominici
863 393 970 454 inter
998 387 1266 467 recentiores,
1292 408 1420 471 proo-

193 486 332 552 sertim
356 496 529 566 temporo
546 480 860 543 reformationis.
889 480 1139 556 Quemadmodum
1153 475 1332 557 temporibus
1349 497 1419 539 me-

194 576 236 639 dii
252 573 317 638 aeri
340 571 515 653 religionem
531 588 703 649 omnemque
720 566 830 630 cultum
853 558 982 629 divinuei
999 565 1133 627 maximis
1150 565 1310 627 involutum
1327 572 1419 627 tene-
1538 593 1539 596 ι

194 663 258 727 bris
275 661 453 744 plenumque
470 656 678 738 superstitione
695 654 949 735 deprehendimus,
972 656 1018 715 sio
1034 672 1150 734 quoque
1166 651 1291 714 manime
1307 651 1419 713 dolen-

194 753 274 827 dum,
300 747 375 809 diem
401 744 576 809 dominicum
593 743 695 825 potius
716 741 811 805 fuisse
834 741 1013 822 neglectum,
1038 760 1125 822 quarn
1150 739 1204 802 rite
1222 737 1417 802 celebratum.

193 839 263 903 Nou
280 834 355 898 euim
373 832 468 895 solum
483 830 642 912 judiciuin
664 850 700 891 ea
715 836 889 908 agebantur,
919 830 1154 890 concedebantur
1171 826 1318 889 nondinae
1335 826 1418 889 alia-

195 945 253 1005 quo
269 920 391 1000 negotia
406 917 508 979 illicita
524 918 776 1000 tractabantur'),
799 919 850 978 sed
874 915 961 978 etiam
983 934 1133 977 sermones
1149 916 1185 976 ad
1202 913 1341 995 populum
1358 915 1419 977 ha·
1540 949 1541 952 ι

195 1009 247 1071 biti
265 1008 307 1069 ita
322 1016 405 1070 eraut
420 1004 590 1085 comparati,
613 1016 646 1066 ut
661 1004 691 1065 in
709 1003 746 1064 iis
763 1003 861 1086 potius
884 1005 920 1064 de
939 1003 1076 1084 operibus
1092 1001 1257 1078 meritoriis,
1274 1001 1418 1082 precibus

194 1099 232 1159 ad
248 1104 368 1158 sauotos
385 1093 515 1171 directis,
526 1110 618 1173 quam
639 1093 676 1153 de
691 1111 761 1154 vera
778 1090 835 1153 fide
852 1090 1027 1171 pietateque,
1049 1110 1136 1170 quarn
1152 1088 1297 1170 scriptura
1312 1110 1339 1152 s.
1357 1110 1418 1150 no·

195 1182 242 1247 bis
259 1182 354 1258 tradit,
371 1189 522 1261 ageretur.
553 1179 702 1260 Tempore
718 1198 788 1242 sero
803 1179 984 1241 instauratae
1001 1176 1133 1257 puritatis
1155 1175 1310 1255 religionis
1326 1177 1418 1240 etiam

192 1270 262 1353 jura
287 1267 345 1331 diei
368 1265 518 1343 dominici,
543 1265 649 1328 ritibus
673 1263 884 1346 superstitiosis
901 1265 1035 1346 abjectis,
1057 1263 1204 1344 scriptura
1219 1284 1244 1326 s.
1260 1283 1277 1325 c
1294 1261 1418 1342 pulvere

114 1356 120 1365 ¹
194 1358 339 1440 producta
355 1354 595 1434 orationibusque
617 1373 636 1414 a
658 1352 768 1414 fabulis
783 1351 927 1432 purgatis,
952 1353 1149 1413 reddebantur
1164 1361 1299 1432 totusque
1318 1349 1419 1413 cultus

194 1441 332 1525 publicus
349 1441 400 1517 ita,
417 1450 449 1502 ut
463 1440 492 1501 io
507 1438 635 1502 ccclesia
650 1438 808 1518 primaeva,
823 1435 964 1518 religiose
982 1439 1185 1500 exercebatur.
1218 1437 1318 1499 Nostri
1336 1438 1417 1500 euim

195 1528 236 1610 pii
253 1527 438 1606 professores
456 1527 578 1587 eandem
594 1544 681 1605 quam
697 1524 829 1605 Apostoli
847 1535 876 1585 et
890 1523 974 1605 primi
994 1525 1153 1587 Christiani
1177 1526 1213 1586 de
1231 1527 1416 1587 observando

194 1616 318 1678 sabbato
341 1612 480 1675 foverunt
497 1610 682 1687 sententiam,
708 1615 785 1692 quod
810 1632 848 1674 ex
872 1610 969 1673 verbis
986 1613 1017 1674 b.
1037 1612 1157 1674 Lotberi
1181 1612 1211 1672 io
1236 1611 1416 1675 catechismo
1442 1616 1449 1629 '

117 1712 122 1723 ’
160 1701 306 1783 -ιιιιιιῇοκ
322 1698 443 1782 prolatis
469 1696 583 1761 elucet:
608 1701 651 1760 die
674 1700 794 1778 eobbotd,
818 1701 931 1779 mondo
953 1702 1029 1761 abac
1052 1706 1078 1761 el
1099 1706 1255 1762 moerore
1269 1721 1326 1761 noo
1342 1703 1417 1776 lmet,

193 1795 282 1851 otium
304 1798 331 1849 et
353 1797 461 1867 tempor
484 1790 728 1862 amorraeorum
751 1788 845 1849 diuino
861 1789 1037 1862 inserviendi,
1062 1794 1104 1848 itu
1120 1797 1152 1848 ot
1167 1790 1419 1850 maeoniomueud

165 1882 168 1889 '
196 1877 367 1938 audiendum
382 1884 409 1935 et
425 1875 607 1936 trootondunr
623 1880 677 1935 Dei
698 1876 820 1952 ondam,
844 1896 879 1935 no
895 1876 1021 1954 minem·
1037 1881 1127 1936 Deum
1150 1877 1271 1951 bononie,
1286 1878 1417 1955 puolmie,

194 1969 312 2025 rendae
328 1972 356 2023 et
370 1963 497 2042 precibus
511 1958 722 2043 laudemur**).
755 1961 842 2038 Quod
860 1960 947 2023 etiam
963 1959 1088 2022 ulredus
1106 1959 1267 2037 confirmat,
1280 1961 1308 2023 si
1326 1961 1417 2043 paulo

194 2060 264 2131 post
278 2049 354 2113 haee
370 2050 462 2111 rerba
476 2047 518 2110 itu
533 2047 681 2129 loquitur:
709 2050 862 2110 Subbmum
876 2049 1054 2124 sonotifirore
1075 2050 1147 2110 Maur
1164 2060 1214 2128 eet,
1239 2070 1273 2109 oo
1287 2061 1417 2111 sunnone

193 2139 303 2214 holere,
318 2138 392 2219 quod
406 2137 477 2198 nihil
492 2137 581 2208 uliud
602 2157 685 2215 qnam
700 2141 807 2196 eunetis
822 2137 920 2211 mobis,
935 2137 1064 2215 opertior
1079 2147 1105 2197 et
1118 2142 1193 2201 citou
1207 2156 1316 2199 nonore.

283 2223 519 2293 celebratio
544 2220 706 2283 sabbati
731 2220 840 2282 intur
865 2220 1187 2286 Mahomedanos.
1231 2222 1327 2285 Etiam
1343 2223 1417 2287 Ma-

194 2309 350 2389 lromedani
372 2310 481 2372 babent
502 2310 667 2384 sabbatum,
691 2306 767 2370 diem
791 2305 927 2370 nimirum
949 2309 1140 2374 hebdomadis
1163 2310 1332 2391 septimum,
1357 2333 1417 2393 qno

195 2399 336 2463 solennes
353 2406 514 2460 convontus
529 2395 693 2458 instituunt.
720 2395 883 2458 Sabbatum
899 2416 970 2459 vero
986 2416 1087 2459 eorum
1104 2418 1159 2460 neo
1176 2397 1238 2460 dies
1253 2397 1418 2463 hebdoma-

196 2486 245 2554 dis
262 2486 404 2568 septimus
428 2495 482 2563 cst,
508 2504 594 2565 quern
618 2484 701 2546 Deus
727 2485 873 2565 quondam
899 2496 1097 2568 praeceperat,
1122 2505 1177 2549 nce
1201 2485 1311 2567 primus
1335 2508 1417 2550 more

197 2574 443 2646 Christianorum,
459 2574 512 2636 sed
529 2583 633 2635 sextus
648 2591 704 2635 seu
718 2572 783 2634 dies
799 2572 940 2647 venarier
957 2572 1005 2634 hio
1021 2573 1084 2635 dies
1100 2575 1137 2636 ab
1155 2584 1274 2636 auctore
1291 2574 1417 2655 religio·

193 2659 251 2734 nis,
270 2680 357 2740 quam
375 2658 558 2734 confitentur,
573 2658 758 2736 Mahomede,
784 2656 877 2720 cultui
894 2659 992 2723 divino
1009 2671 1200 2724 consecratus
1217 2670 1270 2724 est.
1302 2661 1416 2724 Obser-

194 2754 264 2807 raut
280 2764 350 2805 roro
366 2745 501 2820 eundem,
522 2764 578 2806 neo
593 2752 626 2804 ut
648 2745 751 2806 ludaei
776 2757 891 2812 veteres
917 2767 951 2807 ao
967 2746 1101 2809 hodierni
1117 2750 1282 2824 sabbatum,
1298 2770 1353 2829 per
1368 2760 1415 2810 to·

194 2841 256 2893 turn
272 2827 346 2892 illud
362 2826 451 2910 plano
467 2848 486 2889 a
502 2827 657 2889 laboribus
673 2828 865 2904 abstinentes,
891 2850 946 2891 nee
963 2842 994 2892 ut
1010 2832 1170 2894 Christiani
1195 2834 1271 2896 diem
1288 2835 1417 2897 domiui·
1534 2891 1539 2900 .

193 2936 270 2991 cum,
287 2934 377 2996 opera
392 2932 539 2991 manuum,
555 2913 762 2992 procuratione
780 2914 914 2995 corporis
929 2917 1006 2977 haud
1029 2915 1175 2994 neglecta,
1193 2918 1417 2986 intermittentes

99 3030 104 3047 ¹
194 3002 276 3066 etad
294 3011 408 3064 noctem
425 3020 520 3085 usque
544 3000 575 3061 in
594 3009 697 3063 sancta
712 2999 917 3063 incumbentes
942 3002 1071 3083 negotia,
1094 3006 1147 3066 sod
1174 3013 1231 3066 taur
1256 3005 1305 3067 diu
1326 3012 1417 3070 modo

194 3089 365 3172 quoddiaua
382 3089 503 3168 nogotia
518 3098 677 3165 removent,
696 3087 948 3169 quamdiu-cultus
965 3090 1102 3171 publicus
1126 3094 1222 3170 durat,
1248 3113 1306 3174 quo
1322 3093 1417 3156 abso·
1466 3151 1470 3155 .

192 3176 255 3239 luto
271 3173 444 3245 adlabores
461 3189 489 3239 et
512 3173 723 3239 oblectationes
747 3178 879 3240 redeunt.
910 3177 977 3240 Hoo
997 3177 1062 3261 ipse
1078 3181 1214 3245 Coranus
1236 3200 1289 3261 pro
1312 3202 1418 3248 norma

193 3266 232 3329 iis
249 3285 346 3329 rorum
362 3266 575 3329 credendarum
593 3272 622 3326 et
637 3265 819 3344 agendarum
838 3268 932 3343 datus,
948 3265 1161 3344 concedit***).
1199 3268 1279 3330 Dicit
1293 3290 1416 3350 nempe:

197 3359 223 3418 0
239 3376 301 3418 uere
317 3357 466 3428 eredentes,
494 3355 605 3436 onorem
621 3355 666 3414 dte
681 3360 886 3416 oonooootlonis
909 3357 947 3416 od
969 3376 1064 3436 preces
1078 3362 1218 3419 oooonoini
1233 3360 1415 3438 poropendaa,

192 3451 341 3524 properato
364 3443 403 3503 od
426 3448 481 3521 liei
503 3449 799 3516 commemorationem,
815 3449 922 3522 nepotio
945 3455 1118 3505 mercaturos
1134 3451 1301 3508 intermisso.
1336 3448 1417 3520 Quod

193 3531 329 3610 mojormn
343 3531 421 3591 cobis
436 3530 535 3606 offnet
550 3532 708 3602 utilitatem,
725 3536 752 3590 ei
766 3536 883 3591 animia
917 3533 972 3591 Sed
985 3534 1112 3610 precibus
1133 3538 1255 3612 pernulis
1279 3532 1415 3615 disperpi-

194 3624 273 3695 atat,
290 3629 323 3680 ut
337 3618 414 3680 noble
430 3618 510 3693 lubet,
526 3623 557 3678 ia
572 3623 704 3695 repioaer,
721 3627 747 3677 et
764 3620 870 3679 luorum
886 3638 904 3678 o
920 3619 1015 3680 diuino
1030 3622 1128 3694 soritis
1144 3620 1320 3696 beneficentio
1345 3625 1413 3681 Dei-

195 3729 248 3790 que
260 3710 422 3770 memorium
446 3710 477 3766 io
492 3712 587 3766 naimo
608 3713 743 3779 morule,
767 3715 799 3765 ut
814 3705 891 3766 nobie
906 3706 971 3766 bne
987 3712 1034 3767 eit.
1066 3705 1218 3786 Religioni
1236 3715 1331 3770 tamen
1351 3726 1414 3768 ma-

197 3794 247 3875 gis
262 3798 414 3859 studentes
432 3801 543 3874 partem
558 3790 649 3853 huius
668 3791 725 3853 dici
743 3793 779 3851 ad
795 3790 944 3853 secularia
959 3792 1080 3873 negotia
1096 3793 1229 3856 adhiberi
1247 3795 1414 3881 neutiquam

145 3906 153 3919 ·
197 3885 404 3960 approbante
422 3879 567 3944 contrario
590 3878 782 3961 postulantes,
800 3886 832 3940 ut
849 3878 874 3939 is
890 3888 968 3940 totus
985 3882 1258 3962 praeparationibus
1275 3883 1311 3944 ad
1328 3881 1414 3944 vitam

196 3964 325 4029 futuram
350 3979 550 4034 consumatur.
590 3967 687 4044 Quem
711 3966 787 4030 diem
810 3965 897 4030 etiam
923 3975 1001 4029 tanto
1022 3969 1133 4033 bonore
1157 3969 1278 4052 dignum
1301 3976 1414 4053 potant,

265 4271 298 4376 :p
312 4271 566 4395 Blirppbembortg.
585 4276 681 4329 coclea
703 4273 751 4329 IX.
772 4277 816 4341 90,
836 4281 861 4328 9.
881 4277 909 4346 §-
927 4279 954 4333 3.
973 4293 1000 4346 p.
1017 4279 1060 4332 26.

265 4341 329 4478 *do
347 4357 409 4464 td.
425 4342 673 4462 hairda:
689 4342 949 4480 dhlfflllw,
