3192 5056
794 676 872 818 xj

225 1023 380 1115 Henr.
400 982 758 1110 Blumenhaeh
770 1018 1441 1137 antiquitatesEpiphaniorumffl

203 1236 207 1245 ’
312 1240 386 1321 Gap.
414 1239 438 1303 1.
474 1240 528 1303 lie
551 1238 779 1303 nominihus
802 1238 898 1303 festi
922 1237 1085 1321 greeeis
1102 1237 1246 1300 latinis
1270 1239 1439 1314 ceteris.

225 1325 255 1410 ξ.
271 1328 302 1390 l.
317 1326 450 1390 Facilius
467 1338 536 1409 puto
551 1328 590 1388 de
606 1325 735 1403 pennino
752 1326 833 1388 vonis
851 1325 1077 1408 Epiphania
1088 1325 1251 1406 judicatum
1267 1324 1304 1386 iri
1319 1326 1442 1407 signiti-
1464 1348 1471 1353 ·

226 1423 305 1493 catu,
322 1425 474 1496 postquam
489 1434 592 1475 vocum
609 1411 659 1473 ἐπὶ
672 1422 762 1494 'atque
778 1412 926 1489 φαίνομαι
942 1413 1024 1474 ideas
1049 1423 1149 1475 curate
1166 1433 1294 1494 posuero
1310 1414 1348 1473 oh
1365 1434 1442 1481 ocu.

226 1500 285 1562 los.
305 1494 375 1559 'Eut
391 1501 421 1561 in
441 1499 651 1579 compositione
667 1498 835 1563 adverbium
851 1498 962 1561 referre
976 1498 1094 1581 judiec3
1129 1502 1214 1582 enjus
1230 1499 1294 1562 rice
1311 1501 1443 1580 positum

230 1606 365 1650 seorsum
390 1586 476 1648 ctiam
499 1593 529 1648 et
551 1595 634 1648 extra
658 1586 900 1667 compositionem
926 1589 1042 1668 desuper
1074 1607 1109 1648 ac
1140 1610 1258 1668 sepem
1283 1587 1445 1667 significet.

229 1672 384 1738 consentit
413 1671 586 1755 Apollonius
618 1673 754 1736 Rhodius
785 1676 896 1754 Argon.
923 1671 962 1747 2,
1004 1675 1097 1738 1070.
1128 1671 1181 1734 snt
1212 1668 1264 1751 di,
1295 1675 1444 1754 scribens,
1555 1716 1562 1721 -

229 1753 324 1836 λόφοι
341 1758 507 1822 ἐσσείοντο.
541 1760 670 1823 Tantum
687 1762 782 1836 abest,
797 1773 830 1822 nt
845 1760 1034 1837 anctoritate,
1049 1781 1125 1843 quae
1140 1759 1170 1820 in
1187 1760 1232 1822 his
1249 1758 1357 1823 talibus
1370 1762 1443 1843 jure

228 1845 262 1908 iit
274 1846 402 1923 maximi,
410 1848 562 1909 destituar.
584 1847 691 1909 molon
707 1847 881 1930 interpretor
896 1847 1068 1930 permissive
1086 1858 1114 1910 et
1129 1846 1275 1909 cnratire:
1291 1868 1444 1929 apparen-

230 1934 288 1997 tem
307 1932 396 1995 reddo
414 1931 461 1997 vel
478 1937 611 1998 ostendo.
643 1935 718 1997 iliud
737 1955 809 1997 saue
826 1937 861 1997 de
878 1933 1013 2015 piurihus
1031 1934 1143 1996 neutris
1160 1934 1324 2009 dicendum,
1345 1957 1445 2016 quau-

229 2020 385 2101 doqnidem
401 2020 521 2102 passiva
536 2021 738 2085 terminatione
753 2022 895 2084 actionem
914 2023 1070 2101 designaut
1095 2042 1154 2083 non
1170 2021 1360 2102 reciprocum.
1394 2024 1443 2085 Ab

229 2105 283 2168 ilio
304 2105 462 2183 φαίνομαι,
477 2108 500 2169 ἱ.
517 2098 542 2169 ιζ
560 2100 707 2190 apparens
721 2107 770 2184 fic,
787 2112 934 2182 ostendor,
951 2109 1036 2170 luceo
1054 2118 1082 2170 et
1099 2128 1246 2189 appareo,
1271 2108 1443 2185 descondit:

231 2194 283 2275 qui
308 2193 385 2255 idem
411 2193 594 2275 significatus
620 2196 715 2257 activo
731 2195 832 2269 φαίνω
847 2192 1035 2276 saepiuscule
1049 2195 1203 2257 inhaerere
1219 2194 1323 2258 suerit.
1359 2196 1446 2258 Sub-

232 2279 389 2342 stantivnm
405 2281 521 2355 panias
536 2290 565 2342 et
580 2280 712 2357 porcius
733 2280 850 2342 dixisse
864 2280 973 2343 Graeci
989 2282 1106 2344 minime
1123 2281 1271 2356 ridentur,
1307 2290 1444 2359 poenior

232 2373 329 2429 antem
338 2363 423 2444 anco
433 2366 588 2447 Euripides
605 2367 756 2441 iuRhesc,
765 2373 934 2441 etpncaino
947 2361 1133 2445 'ductionem
1142 2367 1446 2451 eumqueChiensem,

231 2450 399 2533 Hesychius
415 2460 603 2514 rocaverunt.
620 2448 715 2532 Ἔρως
730 2450 817 2514 'etiam
833 2441 944 2528 perde,
961 2476 978 2516 e
996 2454 1069 2516 chao
1086 2455 1208 2536 primum
1224 2476 1379 2537 apparens,
1396 2456 1448 2518 di-

133 2554 136 2561 ’
155 2590 160 2603 ,
232 2538 309 2601 citur
324 2537 522 2620 iu‘Orphieis.
540 2530 717 2616 ’Ἑπιφαίνω
732 2539 807 2601 idem
826 2551 870 2601 cst
887 2560 939 2603 ac:
956 2543 1084 2623 desuper
1100 2545 1235 2619 ostenda,
1249 2545 1326 2604 unde
1341 2544 1447 2623 pessi-

231 2646 301 2689 vnm
317 2623 519 2701 tnopotoopao
535 2628 683 2700 ostendor,
699 2645 846 2708 appareo,
876 2631 955 2708 quud
973 2638 1001 2690 et
1018 2632 1053 2690 de
1069 2639 1171 2691 neutro
1183 2677 1191 2707 ,
1204 2630 1334 2711 ,medium
1351 2650 1447 2692 vcca-

140 2774 145 2779 ,
233 2711 439 2784 numanatis
456 2711 590 2792 simplici,
607 2713 647 2774 ita
662 2712 693 2773 in
710 2714 765 2774 hoe
782 2715 942 2794 composito
958 2713 1243 2789 estiuteilipeudum.
1268 2717 1349 2778 Loca
1364 2714 1449 2779 infra

234 2800 465 2861 cunctabantur.
476 2833 514 2844 —
525 2800 554 2883 ᾗ.
564 2800 594 2861 2.
607 2795 788 2874 Ἑπιφανεῖς
803 2805 984 2864 vocabantur
998 2803 1140 2876 homines,
1159 2824 1269 2882 genere
1286 2823 1320 2864 ae
1338 2802 1447 2866 virtute

235 2884 405 2966 conspicui,
427 2884 541 2947 aohites
556 2898 642 2967 atque
665 2884 806 2949 illustres.
840 2889 945 2968 Syriae
962 2889 1099 2967 regibus,
1121 2890 1347 2951 successorihus
1372 2891 1447 2952 hie—

233 2973 340 3036 xaadri
357 2971 400 3034 M.
418 2992 476 3033 neu
494 2972 561 3035 nnis
575 2973 631 3034 hnc
648 2973 792 3036 familiare
808 2973 902 3036 inisse
919 2994 1074 3052 agnomen,
1092 2994 1201 3053 paucos
1219 2975 1306 3055 fugit,
1324 2978 1375 3057 qai
1394 2999 1448 3039 re-

235 3066 330 3121 terum
344 3070 499 3121 versaruut
516 3072 710 3124 monumenta.
744 3064 891 3123 Tacemus
907 3058 1089 3134 Parthorum,
1106 3060 1272 3136 Persarum,
1289 3064 1448 3126 hrnrcnio-

234 3167 317 3222 rum,
359 3145 561 3229 Bithyninrnm
586 3148 733 3230 principes
770 3146 937 3209 nounuiios·
971 3141 1232 3224 Ἐπιφανέστατοι
1266 3150 1450 3229 vomebantur

234 3234 400 3318 principes,
426 3236 477 3316 qui
501 3236 643 3301 Romanis
660 3236 819 3298 audiebant
834 3234 1009 3298 nobilissimi
1018 3232 1091 3320 *'').¹⁴
1107 3236 1217 3297 Auctor
1243 3235 1329 3296 nohis
1355 3235 1448 3319 hujus

306 3455 336 3523 *)
357 3457 434 3510 Prod.
460 3457 532 3525 Lips.
559 3462 635 3512 1737.
661 3457 688 3511 t.
715 3456 864 3528 (Praevism
893 3459 924 3510 de
951 3457 1065 3525 fontibus
1089 3456 1272 3524 antiquitatum
1300 3458 1445 3513 Christian.

237 3524 444 3579 dissertationem
463 3526 619 3584 omisimus.)
1271 3584 1274 3591 r

305 3595 352 3658 **)
379 3593 494 3661 Optimus
514 3592 661 3660 TruJanus,
689 3595 771 3647 seculi
798 3596 864 3662 quod
884 3596 1016 3658 Augustos
1037 3595 1185 3662 auspicatus
1205 3603 1245 3647 est
1263 3597 1381 3663 princeps
1402 3613 1449 3648 no·

236 3665 377 3726 sissimus,
407 3663 502 3715 dieitur
520 3663 694 3714 nobilissimas
714 3664 740 3714 iu
762 3665 850 3730 epigr-a
869 3666 900 3714 he
919 3662 1022 3728 tepidis,
1042 3679 1115 3729 quem
1138 3680 1163 3728 p.
1183 3664 1243 3716 246.
1267 3681 1291 3717 n.
1309 3669 1335 3718 3.
1355 3665 1448 3716 inscri-

159 3726 164 3734 ’
237 3733 353 3799 ptionum
373 3732 414 3782 cd.
436 3730 597 3783 Graecinuae
616 3733 734 3783 exhibuit
750 3732 831 3782 Jnnns
849 3681 984 3783 deuterus.
1023 3730 1056 3781 Et
1073 3732 1245 3795 Commodus,
1266 3740 1319 3783 tum
1338 3732 1446 3798 Caesar,

237 3799 546 3868 pontifexxuohiiissimns
565 3800 649 3850 dictus
663 3800 694 3851 in,
709 3814 836 3851 marmore
854 3817 879 3866 p.
898 3803 957 3852 nst).
973 3815 998 3849 u.
1016 3801 1043 3853 6.
1063 3798 1213 3852 Grntnriuni
1231 3801 1345 3852 thesauri
1367 3800 1446 3852 otien-

237 3869 318 3930 dttnr,
340 3869 414 3934 cujus
434 3870 512 3921 etium
531 3883 631 3932 numus,
651 3869 811 3918 nobilitatem
830 3868 940 3933 Augusti
960 3883 1022 3934 prae
1042 3884 1070 3918 se
1089 3869 1184 3932 ferens,
1203 3870 1341 3936 reperitur.
1368 3868 1449 3921 Deui-

237 3951 287 4003 que
305 3935 439 3991 Maximini
454 3954 552 4005 quoqne
563 3937 639 4001 titius,
661 3935 785 3989 (Liuiins
805 3936 889 3989 Verus
909 3935 1046 4003 Maximus,
1065 3935 1245 3991 Nobilissimus
1267 3937 1364 3989 Caesar
1374 3936 1449 3989 Prin·

238 4020 299 4070 ceps
319 4006 464 4071 juventutis
489 4006 654 4073 inscriptione
678 4006 784 4072 untiqnn
804 4006 942 4057 salutatur.
978 4004 1067 4071 Neque
1085 4013 1171 4057 tamen
1199 4013 1258 4056 nate
1276 4005 1386 4073 Philippi
1397 4006 1449 4072 ‘ju-

239 4071 320 4123 nicris
340 4087 431 4125 nevam
449 4075 476 4125 in
494 4091 542 4127 usu
560 4075 640 4128 fnisse
658 4073 722 4126 illud
741 4075 962 4142 deprehendimus,
982 4076 1048 4140 quod
1068 4074 1227 4141 postmodnm
1248 4075 1357 4124 invaluit
1375 4081 1402 4125 et
1420 4076 1449 4126 in

238 4141 409 4193 monumentis
427 4140 597 4194 humanarum
623 4159 708 4194 rernm
734 4144 837 4194 videtur
860 4143 1035 4210 frequentius,
1063 4149 1106 4206 ut,
1133 4142 1177 4208 qni
1196 4143 1449 4195 successordsndns

239 4208 309 4261 ieret
324 4209 454 4274 repandae
475 4210 644 4264 homanorum
666 4212 718 4274 rei,
739 4212 807 4263 nitra
832 4211 955 4279 principis
969 4211 1115 4275 juventutis
1136 4216 1237 4260 uomeu'
1252 4211 1383 4278 epitheton
1403 4227 1450 4263 nc-

238 4276 359 4330 hihissimi
377 4278 520 4347 adoptaret.
558 4281 639 4347 Quum
658 4281 777 4346 deinceps
797 4296 880 4332 mores
898 4281 1080 4348 imperatarum
1099 4279 1173 4341 novi,
1197 4294 1254 4328 cnm
1272 4279 1354 4329 sacris
1374 4279 1450 4331 Chri-

189 4403 197 4410 ,
240 4344 381 4399 etisnorum
401 4349 473 4400 novis
492 4350 557 4401 ittou
575 4349 698 4415 imperia,
728 4348 879 4413 efficerent,
906 4356 935 4400 ut
960 4364 1025 4412 vege
1045 4347 1183 4398 cuncubitu
1206 4347 1323 4410 neglectu
1344 4348 1449 4411 conjugi

239 4415 333 4468 eciem
345 4417 429 4483 major
446 4418 552 4469 duretur
569 4433 657 4486 opera,
680 4418 822 4485 principum
837 4417 982 4484 juventutis
999 4424 1076 4482 atque
1094 4414 1235 4466 Caesarum
1254 4430 1373 4466 numerus
1391 4430 1459 4484 cre-³

212 4485 350 4551 -scnhut3
383 4500 489 4551 quemn
515 4493 545 4537 ut
562 4487 630 4538 ratio
648 4486 771 4538 distincta
789 4487 929 4540 haberetur
947 4485 1120 4551 singulorum,
1151 4484 1236 4551 major
1255 4491 1318 4535 antu
1339 4482 1449 4551 eroon,
