3150 5066
218 282 265 346 02
298 336 304 347 a
705 278 746 343 1).
764 275 806 343 Η.
827 276 950 340 ΛηοΙᾶ
1030 293 1037 301 ’

221 473 282 530 scs,
297 453 348 535 qui
364 461 396 514 ut
412 470 517 534 panon
530 449 702 528 aaaron
725 459 930 525 convenerant,
944 449 1035 511 verba
1050 447 1160 511 tecerit.
1192 446 1232 508 Et
1245 444 1380 525 quamvis
1395 466 1437 509 ex

220 541 319 604 verbis
337 538 398 601 ittis
417 546 646 617 enascuntur,
670 547 703 598 ut
727 537 791 599 dies
806 535 997 599 hebdomadis
1020 534 1131 616 primus
1154 534 1206 595 ilto
1230 538 1361 612 tempore
1373 534 1436 615 ja·
1551 518 1558 567 ³

127 646 135 661 ·
222 628 314 692 cultui
330 626 428 690 divino
445 634 566 687 externo
582 622 668 703 eique
684 622 804 704 publico
820 623 933 684 dicatus
950 623 1048 699 fuerit,
1065 622 1106 685 ita
1122 630 1155 683 ut
1170 619 1222 681 ttto
1239 622 1277 682 ab
1294 619 1373 681 omui
1388 620 1436 682 ta·
1554 674 1559 685 ‚

223 721 293 779 bore
310 712 468 777 maroam
485 709 690 788 abstinuerint,
707 711 844 791 quonian
855 711 1045 772 'l'roadeuses
1060 730 1120 770 non
1136 711 1173 770 ad
1189 726 1276 770 sacra
1288 706 1437 785 habenda,

222 807 276 867 sed
293 804 329 865 ad
353 820 459 881 panem
483 798 677 875 frangendum
701 799 803 859 eodem
829 796 1003 860 convenisse
1026 795 1181 876 teguntur3
1203 793 1236 855 id
1255 804 1353 855 tamen
1377 814 1438 856 nou

223 892 289 953 siue
313 887 426 949 ratione
449 906 488 947 sx
509 881 571 944 iltis
593 883 730 945 concludi
748 885 951 965 potest-quod
974 884 1004 943 in
1021 883 1154 945 coetibus
1171 882 1287 945 Christo
1304 877 1438 944 coltectis

221 996 286 1040 mos
302 975 353 1036 itte
367 974 503 1055 jamtum
519 970 656 1050 temporis
673 970 845 1047 obtinuerit,
861 971 908 1032 die
924 971 989 1046 hoc,
1004 991 1061 1032 ceu
1076 970 1123 1031 die
1139 979 1225 1046 stato,
1242 969 1346 1050 quavis
1361 969 1438 1030 heb-
1549 972 1554 977 ’

223 1062 398 1135 demadead
416 1057 555 1121 exercitia
571 1058 680 1118 amoris
704 1057 796 1119 mutui
821 1068 962 1139 actusque
984 1056 1141 1136 religiosos
1168 1058 1348 1118 exercendos
1363 1076 1438 1118 con-

223 1149 333 1226 venire,
350 1148 413 1210 sive
429 1143 533 1208 iunctm
555 1143 630 1206 haec
653 1144 738 1225 pasis
765 1143 884 1225 epulum
907 1164 1059 1205 commuue
1091 1143 1153 1205 sire
1174 1154 1261 1203 usum
1277 1161 1306 1205 s.
1323 1142 1439 1205 eucha-
1494 1209 1501 1215 ,

223 1238 323 1299 ristiae
340 1240 474 1309 denotet,
497 1251 573 1312 quae
589 1251 714 1312 agapam
738 1231 868 1293 comitari
893 1231 945 1292 itto
970 1241 1098 1311 tenpore
1113 1231 1236 1292 sotebat.
1269 1229 1344 1292 Cum
1360 1231 1439 1291 eninr

222 1324 336 1387 Paulus
353 1344 388 1384 eo
405 1321 468 1395 diu,
494 1340 553 1399 quc
575 1339 738 1380 sermonem
763 1320 808 1380 ad
824 1318 893 1379 ittos
918 1327 1078 1379 sectatores
1094 1316 1204 1392 Chtisti
1220 1317 1361 1393 habebat,
1389 1317 1440 1398 qui

223 1415 325 1473 urbem
343 1412 442 1472 Troas
460 1405 565 1467 dictam
581 1404 756 1485 incolebant,
771 1405 832 1485 jam
848 1414 959 1485 septem
977 1404 1040 1466 dies
1056 1403 1087 1465 in
1102 1404 1155 1464 itta
1170 1412 1366 1465 commoratus
1385 1423 1439 1465 es-

225 1508 271 1559 set
288 1501 331 1576 (v.
342 1495 387 1572 d.)
411 1495 524 1571 hosque
540 1490 603 1552 dies
618 1512 678 1551 uon
695 1491 807 1554 otiosus
823 1490 944 1570 egisset,
955 1492 1008 1552 sed
1025 1491 1275 1553 conversationem
1290 1511 1355 1551 cum
1371 1490 1440 1552 fra-

224 1583 318 1645 tribus
343 1582 455 1641 habens
479 1596 568 1656 saepe
593 1597 658 1638 mm
684 1577 744 1638 ittts
768 1597 918 1639 sermones
936 1577 1107 1640 ‘miscuisset
1121 1578 1168 1657 *);
1199 1577 1314 1639 interim
1339 1587 1439 1639 manen

223 1673 315 1732 verba
329 1665 447 1747 publice
462 1663 545 1745 prius
562 1684 621 1724 non
636 1663 724 1739 fecit,
742 1685 828 1743 quam
843 1664 896 1725 nbi
909 1665 970 1744 jam
987 1665 1096 1726 abitum
1115 1662 1257 1745 parabat,
1279 1664 1347 1725 inde
1362 1684 1438 1725 san-

225 1766 288 1819 ctos
304 1754 355 1815 ttto
372 1764 500 1832 tempore
517 1771 576 1810 non
594 1750 641 1811 die
657 1751 778 1831 quovis,
802 1752 867 1812 sine
881 1751 943 1812 utto
958 1751 1126 1812 discrimine
1140 1749 1349 1831 habito,'quod
1366 1752 1440 1832 qui-

225 1845 290 1906 dem
308 1839 409 1923 primis
426 1848 492 1918 post
509 1836 634 1898 effusum
649 1837 679 1897 iu
695 1837 852 1918 Apostolos
869 1837 921 1920 Sp.
939 1838 973 1900 S.
991 1838 1094 1900 diebus
1111 1839 1220 1900 factum
1237 1858 1305 1900 esse
1320 1838 1357 1899 e'x
1372 1844 1439 1900 nu.

225 1930 258 2006 2,
274 1928 328 1991 46.
344 1936 477 2000 constat,
491 1926 544 1986 scd
561 1934 640 1986 certo
664 1928 788 2006 quodam
806 1925 906 1987 dicad
923 1946 1027 2006 panem
1050 1927 1244 2005 frangendum
1262 1923 1440 1987 convenisse

226 2015 410 2097 conjicimus,
427 2011 573 2094 quoniam,
587 2011 614 2099 si
631 2011 662 2072 in
677 2010 734 2073 hoo
750 2010 889 2089 fallimur,
905 2011 988 2074 uuita
1004 2012 1134 2092 profecto
1151 2012 1225 2072 ratio
1242 2013 1368 2087 adesset,
1385 2032 1441 2075 cur

225 2102 338 2166 Paulus
355 2101 431 2163 diem
449 2109 558 2161 emtum
583 2110 770 2179 expectasset
782 2109 811 2160 et
826 2099 882 2160 iter
897 2094 981 2159 suum
999 2119 1065 2159 eum
1081 2099 1111 2157 in
1128 2098 1214 2160 finem
1237 2107 1443 2179 prorogasset,

226 2211 281 2252 nec
297 2189 383 2251 citius
408 2187 514 2247 tratres
539 2186 679 2264 congredi
706 2185 837 2246 fecisset.
866 2185 952 2261 Quod
977 2194 1072 2246 numm
1090 2186 1189 2246 Lucas
1213 2206 1266 2264 per
1280 2184 1354 2262 μίαν
1376 2183 1442 2245 coir

225 2266 395 2359 σαββάτων
410 2293 469 2334 uon
486 2271 561 2332 diem
578 2273 721 2352 quendam
744 2292 782 2332 ex
805 2269 863 2332 ittts
887 2281 998 2348 septem
1013 2271 1134 2348 diebus,
1160 2291 1212 2353 per
1233 2293 1308 2352 quos
1326 2272 1439 2333 Panos

226 2364 344 2425 Troade
366 2359 463 2438 degit,
481 2377 604 2437 eumque
619 2357 750 2419 ultimum
765 2357 959 2433 inteltexerit,
983 2361 1036 2419 sed
1058 2355 1148 2419 alium
1166 2366 1195 2420 ct
1210 2360 1248 2420 ab
1264 2358 1324 2419 titis
1339 2358 1440 2420 diver-

193 2495 196 2503 .
225 2471 300 2527 sum,
317 2447 366 2530 qui
385 2454 451 2527 post
467 2455 577 2525 septem
594 2443 637 2505 ibi
652 2455 815 2507 transactos
832 2443 895 2506 dies
912 2455 1031 2507 secutus
1048 2456 1093 2507 est
1110 2454 1139 2507 et
1154 2454 1275 2508 octavus
1291 2446 1321 2506 in
1337 2445 1440 2507 ordine

207 2544 208 2547 ’
226 2536 292 2613 fuit,
307 2535 337 2596 id
354 2556 392 2597 ex
409 2553 443 2595 eo
461 2532 546 2594 nobis
563 2532 727 2595 verosimile
745 2550 814 2597 esse
829 2526 959 2608 videtur,
975 2533 1112 2613 quoniam
1128 2533 1161 2592 is'
1172 2553 1230 2593 non
1246 2532 1379 2612 scripsit:
1406 2530 1442 2591 ἕν

226 2616 261 2682 δὲ
279 2620 335 2699 μιᾷ
349 2615 455 2680 ἀυτῶν
469 2619 533 2681 scil.
548 2614 687 2697 ἡμέρων,
713 2640 772 2700 qua
795 2638 868 2681 voce
884 2641 912 2681 v.
929 2619 960 2680 d.
983 2634 1059 2681 usus
1073 2620 1185 2695 fuerat,
1210 2621 1261 2680 sed
1279 2618 1338 2680 ahia
1354 2619 1440 2679 tocu-

227 2707 305 2768 tioue
317 2704 463 2764 adbibita:
480 2704 514 2763 ia
528 2698 563 2761 dt
578 2705 618 2785 τῇ
635 2704 691 2784 μιᾷ
705 2703 768 2763 τῶν
783 2695 1072 2786 σαββάτωνυΗιιηο
1086 2717 1182 2767 autem
1199 2716 1341 2782 octavum,
1354 2726 1439 2787 quem

226 2790 339 2854 Pontus
356 2789 433 2868 apud
452 2788 641 2848 Troadenses
658 2789 728 2865 egit,
739 2789 815 2849 diem
833 2791 955 2867 primum
972 2790 1058 2850 simut
1075 2791 1265 2851 hebdomadis
1279 2791 1384 2866 fuisse,
1402 2812 1440 2853 ex

226 2880 282 2940 hau
298 2877 365 2954 ipsa
383 2872 616 2933 denominatione
631 2873 712 2933 ittius
727 2883 815 2949 patet,
830 2875 977 2952 quoniam,
994 2876 1110 2951 quaudo
1124 2877 1184 2954 jam
1202 2875 1354 2952 largimur,
1371 2898 1440 2937 cer-

228 2974 286 3024 tum
303 2957 495 3021 hebdomadis
517 2956 593 3016 diem
610 2977 628 3017 a
643 2958 727 3016 Luca
744 2956 910 3036 indigitat-i,
934 2978 993 3019 vox
1008 2956 1063 3033 μία
1079 2958 1167 3019 atium
1200 2979 1286 3039 quam
1314 2960 1455 3038 primum

226 3042 485 3122 iudicare'mcquit.
517 3042 579 3102 Nec
597 3044 693 3103 obstat
717 3054 831 3104 asserto
846 3043 933 3119 huic,
956 3045 1051 3124 quod,
1067 3047 1183 3124 quando
1207 3044 1360 3126 apostolus
1380 3067 1440 3108 non

227 3134 286 3196 nisi
303 3133 395 3210 primo
409 3127 599 3191 hebdomadis
617 3130 664 3190 die
676 3130 764 3193 verba
781 3133 817 3192 ad
834 3128 974 3211 populum
989 3131 1089 3193 facere
1105 3131 1248 3213 potuisset
1264 3142 1315 3195 aut
1325 3133 1439 3195 votuis-

227 3229 282 3309 set,
299 3218 349 3279 itte
365 3218 395 3279 id
413 3217 513 3278 eodem
530 3215 587 3293 die,
602 3237 660 3297 quo
676 3218 779 3278 urbem
797 3218 895 3279 Troas
909 3218 1016 3279 dictam
1032 3219 1271 3307 ingrediebatur,
1288 3220 1441 3300 suscipere

159 3354 164 3365 .
228 3305 380 3389 potuisset,
398 3303 445 3386 qui
462 3302 575 3383 pmmus
592 3304 790 3365 antecedentis
815 3306 1004 3366 hebdomadis
1021 3306 1181 3386 diesemt3
1207 3307 1344 3388 quoniam
1360 3307 1442 3368 Pau-

227 3394 275 3457 lus
298 3403 349 3455 out
371 3392 418 3453 die
442 3388 492 3450 ttto
516 3390 579 3452 fere
602 3391 734 3462 consecto
752 3393 901 3453 Troadem
926 3393 1053 3456 accessit
1070 3394 1124 3475 ⁸*)‚
1149 3403 1200 3457 aut
1222 3394 1442 3474 priusiucotas

228 3482 317 3562 hujus
334 3477 394 3540 loci
410 3474 587 3539 christianos
602 3478 658 3540 sibi
676 3489 760 3540 notos
778 3481 902 3541 reddere
918 3500 1082 3560 eorumque
1094 3480 1206 3544 animos
1224 3481 1370 3546 devincire
1385 3502 1441 3544 vo-

228 3567 292 3646 }uit,
308 3573 463 3647 antequam
482 3562 550 3625 illos
566 3564 596 3624 in
612 3564 730 3646 publico
746 3576 891 3629 conventu
910 3567 1120 3630 adhortaretur.
1456 3560 1460 3564 ’

316 3654 402 3732 Quod
420 3673 489 3714 vero
506 3653 541 3711 ad
560 3651 712 3731 sequeutia
729 3663 860 3734 tempora
875 3653 1001 3730 adtinet,
1025 3675 1100 3734 quae
1117 3652 1344 3716 devastationem
1359 3652 1441 3715 urbis

215 3751 349 3807 >saumae
367 3749 470 3804 secuta
485 3748 563 3818 suot,
574 3736 634 3800 illis
651 3760 713 3800 mos
724 3739 798 3802 diem
811 3742 956 3821 quendam
969 3739 1158 3803 hebdomadis
1174 3737 1313 3819 religiose
1326 3738 1444 3802 colendi

230 3830 325 3909 magis
336 3828 467 3908 magisve
478 3846 593 3907 semper
604 3821 801 3889 iucrebmisse
812 3827 934 3902 videtur,
944 3827 1081 3906 quoniam
1091 3826 1240 3888 iohannes
1249 3828 1340 3911 Apoc.
1351 3826 1379 3898 l,
1392 3828 1443 3886 10.

228 3914 288 3998 diei
305 3915 479 3979 mentionem
500 3912 589 3992 facit,
614 3932 689 3993 quae
711 3910 860 3996 κυριακῇς
882 3934 987 3974 nomam
1013 3913 1135 3984 obtinuit
1158 3923 1186 3974 ct
1202 3914 1302 3974 eodem
1328 3911 1374 3973 die
1390 3909 1444 3974 itla

227 4089 234 4099 ’
298 4077 401 4162 *mec
420 4100 487 4151 euim
500 4097 651 4167 διατρίβω,
683 4115 732 4165 que
750 4099 835 4151 Lucas
859 4114 923 4150 usus
942 4108 983 4151 est
1005 4102 1038 4150 ad
1062 4099 1256 4159 describendum
1274 4096 1348 4155 Ponti
1367 4111 1444 4160 ocgo·

230 4166 304 4230 tium,
324 4167 425 4233 proprie
444 4168 602 4221 attritionem
627 4168 736 4233 indeque
760 4175 842 4219 ortum
864 4168 1063 4220 consumtionem
1089 4167 1219 4230 significet
1242 4165 1356 4230 adeoque
1374 4164 1400 4214 h.
1422 4164 1441 4215 t.

231 4235 379 4287 continuum
406 4249 464 4284 eum
488 4234 546 4285 otiis
565 4236 709 4287 homiuibus
733 4236 914 4288 commercium
939 4236 1060 4302 denotat,
1085 4232 1294 4302 quomadmodum
1310 4239 1346 4282 et
1363 4231 1445 4283 ootlo·
1513 4284 1522 4293 ,

231 4302 317 4370 quium
338 4302 438 4366 graecis
458 4295 582 4370 διατριβή
601 4305 682 4354 audit.

300 4368 341 4438 ¹⁸)
360 4369 400 4425 lta
426 4369 506 4422 south
534 4369 718 4436 Attingtus
743 4366 835 4429 tn'tr.
857 4373 889 4425 dc
907 4372 1021 4435 ¹subbato
1049 4385 1119 4422 merc
1143 4364 1295 4435 evangelico
1322 4394 1354 4413 -
1376 4367 1441 4433 opp.
1472 4449 1476 4460 ι

230 4448 251 4492 t.
269 4439 296 4497 t.
314 4455 340 4508 p·
360 4442 406 4496 88.
