3150 5066
192 281 244 353 44
678 285 704 347 J.
725 279 908 347 Hildsbrsud

172 516 176 523 .
195 466 379 543 pentecostes
395 456 590 539 antiquissimi
606 456 772 540 scriptores,
788 459 932 536 lustinus,
948 454 1172 535 Tertullianus,
1190 456 1331 538 Origines
1347 476 1412 520 nro-
1521 504 1526 513 .

193 547 340 610 miserint.
364 546 424 608 Sed
439 546 496 606 ltoc
512 546 664 609 incertum.
691 547 765 608 Nam
782 558 880 629 potres
890 568 942 628 per
958 556 1146 627 pentecosten
1162 545 1331 624 intelligunt
1346 546 1411 608 dies

195 633 419 716 quinquaginta,
434 633 483 713 qui
502 632 577 694 inter
592 635 700 714 pascha
718 644 746 696 et
769 644 897 695 nostram
923 644 1112 715 pentecosten
1134 633 1326 713 interjacent,
1351 654 1411 701 nnn

194 723 327 803 praecise
343 721 418 782 diem
434 720 726 801 quinquagesimum,
743 722 792 802 qni
808 722 894 783 lrodie
912 725 989 803 apud
1007 741 1061 781 nos
1080 719 1162 781 solus
1183 721 1216 781 id
1233 741 1338 782 nornen
1354 724 1411 782 olr-

194 810 287 871 tinuit.
315 807 382 883 Alii,
394 807 501 888 quibus
517 828 571 869 nos
589 807 797 885 consentimus,
811 809 988 885 existimant,
1001 807 1108 869 lsstunn
1128 817 1311 888 pentecostes
1329 808 1411 870 circu

194 896 246 958 illa
264 909 393 975 ternpore
411 894 562 975 coepisse,
590 918 655 957 curu
678 896 890 977 qninquaginta
913 895 956 957 illi
982 895 1062 972 dies,
1085 895 1135 976 qui
1159 894 1235 956 inter
1257 897 1367 975 pascha
1384 906 1412 958 et

195 980 280 1065 qnam
297 981 385 1044 hodie
408 992 597 1062 pentecosten
621 983 762 1060 dicimus,
787 985 959 1064 interjacent
974 994 1003 1044 et
1020 1003 1121 1045 ornnes
1138 979 1207 1042 olirn
1232 993 1316 1044 erant
1331 982 1410 1058 festi,

194 1070 261 1132 lesti
279 1084 345 1130 csse
362 1068 521 1131 desierunt.
554 1070 640 1132 Certe
658 1081 786 1151 ternpore
802 1072 960 1147 Augustini
989 1069 1136 1150 peculiare
1161 1070 1268 1130 festum
1285 1069 1409 1150 Spiritui

196 1158 229 1220 S.
245 1158 408 1218 dedicatum
425 1157 520 1219 luisse
538 1178 575 1219 cx
600 1150 724 1238 epistula
741 1159 807 1237 ejus
831 1161 867 1219 ud
883 1158 1050 1222 Januarinsn
1076 1166 1216 1234 constat,
1232 1156 1282 1217 ubi
1301 1156 1411 1218 festum
1480 1190 1483 1197 ·
1566 1146 1567 1155 ¹

194 1244 247 1326 Sp.
263 1245 296 1308 S.
314 1265 379 1306 cum
397 1244 517 1326 reliquis
533 1245 633 1323 lestis,
650 1266 727 1328 quae
744 1255 802 1308 toto
820 1249 890 1307 orlre
907 1245 1064 1307 christiano
1080 1251 1233 1324 aguntur,
1247 1264 1410 1307 connume-

194 1341 247 1395 rat.
279 1332 386 1412 Agitur
401 1341 497 1394 autern
515 1343 681 1413 pentecoste
698 1335 727 1393 in
746 1332 913 1394 stremonium
931 1333 1058 1413 Spiritus
1072 1332 1123 1411 S.,
1137 1334 1239 1393 eodem
1255 1332 1302 1393 die
1319 1352 1412 1413 super

193 1419 350 1501 Apostolos
372 1418 531 1480 litteraliter
554 1420 651 1482 effusi.
683 1419 826 1481 Pontilicii
852 1422 953 1481 eodem
978 1420 1025 1481 die
1042 1419 1139 1481 solent
1156 1416 1240 1487 albas
1258 1418 1410 1481 colunnas

194 1506 335 1568 funiculis
356 1505 530 1566 constrictas
547 1527 597 1586 per
613 1506 718 1587 templs
734 1526 790 1566 sua
806 1506 935 1569 emittere
961 1515 988 1566 et
1004 1506 1034 1566 in
1052 1507 1146 1567 medio
1163 1505 1410 1587 templolignearu

194 1592 356 1654 rotumnam
376 1594 573 1672 suspendere,
598 1614 675 1673 quae
699 1591 738 1654 sit
763 1594 924 1675 symbolum
941 1593 1069 1673 Spiritus
1087 1594 1121 1656 S.
1161 1593 1220 1656 Sed
1248 1596 1320 1656 laec
1343 1594 1410 1656 siue

142 1686 145 1691 “
194 1680 283 1744 dnlrio
299 1678 468 1761 superstitio
485 1690 539 1741 est.

280 1766 442 1847 Jejunia
466 1776 635 1847 quatuor
659 1777 882 1848 temporum.
906 1766 934 1849 ξ.
953 1769 981 1830 l.
1006 1768 1082 1829 Cum
1098 1763 1194 1830 statim
1211 1767 1317 1830 alesta
1332 1789 1409 1849 pen-

194 1864 320 1916 teoostes
333 1854 478 1936 jejunium
495 1864 620 1934 quatuor
640 1864 801 1935 temporum
817 1856 868 1934 agi
890 1855 997 1932 soleat,
1024 1854 1127 1935 paucis
1144 1876 1190 1917 ex
1206 1875 1282 1918 sacr.
1300 1857 1409 1938 antiqq.

194 1941 337 2021 originem
354 1939 444 2022 hujus
461 1943 669 2022 expendemus.
702 1942 818 2004 Erravit
833 1953 930 2005 auteur
947 1941 1162 2019 Bonamicus,
1192 1942 1243 2024 qui
1267 1944 1317 2022 (ds
1335 1945 1363 2006 ln.
1380 1965 1409 2007 o.

193 2028 224 2106 2,
245 2030 307 2101 ts.)
329 2029 443 2111 jejunia
466 2038 590 2110 quatuor
613 2039 772 2110 temporum
797 2032 834 2092 alr
851 2030 999 2110 Apostolis
1023 2030 1155 2092 instituta
1179 2030 1277 2093 refert.
1310 2029 1408 2112 Hujus

195 2117 270 2178 suirn
289 2116 409 2180 instituti
426 2137 480 2179 uec
497 2117 528 2177 in
545 2118 638 2181 saeris
656 2117 748 2180 literis
772 2138 827 2179 nec
849 2117 951 2198 prirnis
976 2116 1120 2179 eeclesias
1145 2117 1262 2198 scriptis
1277 2116 1338 2180 ulla
1354 2139 1409 2180 su-

137 2200 139 2205 ’
194 2214 292 2282 penest
307 2205 425 2266 mantio.
455 2204 625 2265 Communis
642 2216 687 2266 est
703 2206 857 2280 sententia,
866 2205 980 2286 jejunia
995 2214 1119 2287 quatuor
1133 2208 1294 2287 temporum
1311 2224 1330 2267 a
1346 2206 1408 2268 Ga-

192 2290 265 2351 lixto
284 2292 359 2372 papa
378 2291 457 2352 circa
473 2310 500 2351 u.
518 2290 589 2353 Chr.
604 2292 679 2354 220.
697 2293 831 2355 ordinata
846 2292 952 2356 luisse.
984 2293 1075 2355 Extat
1099 2292 1175 2354 enim
1193 2296 1269 2373 apud
1288 2293 1409 2356 Gratia·
1481 2311 1487 2320 ·

193 2398 261 2439 num
277 2376 389 2459 injure
413 2377 556 2440 canonico
581 2377 637 2440 tale
661 2381 809 2442 decretum
828 2380 934 2443 Gadixti
956 2400 1051 2461 papae
1068 2401 1103 2442 ex
1120 2381 1205 2461 epist.
1223 2383 1260 2443 ad
1277 2381 1408 2443 Benedi-
1440 2398 1445 2403 ·

195 2474 271 2527 ctum
288 2468 431 2547 quendam
448 2465 636 2548 episcopum:
655 2475 699 2529 Tu
714 2471 822 2550 qrridsnr
832 2470 970 2548 jejumrrm
986 2471 1063 2550 oprrd
1077 2486 1129 2530 nos
1145 2474 1226 2532 nrtn
1243 2489 1319 2531 nnno
1336 2472 1408 2531 osis·

192 2557 274 2616 brnrc
291 2558 421 2632 dirlioisti,
436 2558 485 2617 scd
500 2579 551 2618 nos
568 2564 772 2619 conuenientius
793 2578 867 2617 nnnc
890 2578 941 2636 par
963 2568 1083 2638 rqrrntaor
1099 2567 1221 2638 tmnporn
1238 2557 1299 2633 pirri
1314 2559 1408 2619 deors·

118 2683 122 2688 ·
192 2649 291 2718 nimam,
309 2655 339 2702 ut
356 2652 427 2704 sient
442 2665 535 2704 cannes
552 2666 600 2721 per
624 2656 743 2724 qtrntaor
767 2656 889 2724 tenrporn
907 2646 1044 2721 decorarit,
1068 2649 1109 2706 sio
1129 2656 1155 2707 st
1176 2665 1228 2705 nos
1245 2655 1409 2724 qrrcternnm

193 2749 311 2806 nquam
333 2731 472 2805 ῥπᾷππὶππι
496 2739 522 2790 rt
533 2735 603 2788 sicud
619 2751 669 2807 per
682 2735 809 2806 stapulas
826 2738 895 2802 unni
911 2743 1006 2809 purten
1021 2734 1159 2806 frumento
1175 2734 1213 2791 nd
1228 2735 1330 2793 manda
1346 2753 1410 2794 cor·
1472 2746 1475 2750 ’
1567 2718 1568 2727 ¹

192 2835 280 2896 porc,
296 2819 337 2873 sic
354 2824 380 2875 rt
395 2816 499 2892 q'cjnnio
518 2817 555 2874 nd
571 2818 690 2874 mendas
713 2823 825 2875 nninms
846 2820 1012 2893 repleamur.
1046 2819 1153 2880 Verum
1169 2819 1244 2879 hoec
1261 2817 1344 2896 origo
1359 2820 1408 2899 js·

189 2902 265 2984 junii
281 2909 408 2978 quatuor
425 2910 584 2978 teruporuru
601 2900 702 2961 merito
728 2910 772 2960 est
788 2910 935 2979 suspecta.
966 2902 1039 2961 Num
1065 2900 1208 2980 epistula,
1233 2905 1311 2962 unde
1333 2905 1424 2963 laec-

193 2988 328 3059 citantur,
345 3006 402 3046 uon
419 2994 467 3046 est
483 2985 590 3046 Calixti
606 3006 719 3065 papae,
735 2987 787 3047 ssd
811 2986 979 3067 impostoris
1002 2988 1173 3069 cujusdam,
1197 2988 1245 3068 qui
1265 2987 1407 3067 epistolas

192 3072 354 3136 decretales
372 3072 529 3153 primorum
546 3072 717 3133 Pontificum
734 3093 828 3153 usquc
853 3075 891 3135 ad
907 3074 1055 3155 Spririurn
1081 3094 1184 3157 papam
1207 3076 1408 3156 imprudenter

193 3159 341 3238 confinxit,
358 3176 444 3241 quant
460 3161 593 3222 fraudem
611 3160 669 3240 ipsi
685 3160 824 3241 pontificii
836 3164 992 3240 doctores,
1010 3186 1037 3226 v.
1054 3186 1084 3241 g.
1100 3163 1241 3227 Nicolaus
1258 3163 1408 3241 Cusanus,

193 3248 362 3312 Cassander
379 3260 407 3311 et
421 3248 482 3327 adii,
495 3244 556 3330 ja'm
572 3250 683 3329 pridem
700 3248 872 3312 olfecerunt.
903 3251 1015 3333 Estque
1032 3251 1088 3314 hoc
1103 3252 1221 3314 contine
1239 3246 1407 3333 cumprimis

192 3339 455 3413 commendandus,
479 3338 533 3399 etsi
560 3359 618 3398 non
642 3326 825 3417 pontificius,
841 3338 934 3400 David
952 3338 1139 3418 Blondellns,
1164 3340 1214 3422 qui
1237 3340 1338 3422 spuria
1356 3339 1408 3402 itta

104 3500 108 3505 Ι
192 3429 307 3488 decreta
325 3426 482 3507 qllirnsrum
493 3425 665 3488 Pontificum
679 3447 773 3506 nuper
789 3427 884 3487 adhuc
900 3426 942 3489 ita
958 3429 989 3489 iu
1007 3428 1101 3490 lucem
1116 3428 1264 3509 produxit,
1273 3436 1306 3488 ut
1322 3444 1407 3489 nemo

192 3512 318 3594 amplius
333 3512 418 3575 fidem
435 3514 501 3576 istis
518 3513 606 3576 facile
623 3513 776 3575 huldurns
793 3514 841 3575 sit.
860 3551 899 3560 —
925 3506 1080 3599 §.Most
1091 3516 1237 3577 Calixtunn
1255 3536 1307 3596 pro
1324 3535 1408 3577 corn-

97 3639 107 3649 -
191 3602 363 3667 insudandis
383 3601 506 3684 jejuniis
529 3611 653 3683 quatuor
676 3611 837 3683 temporam
863 3602 946 3664 citari
971 3602 1047 3663 solet
1063 3604 1125 3665 Leo
1142 3602 1197 3679 M,
1222 3623 1281 3665 soc.
1298 3603 1333 3666 V.
1352 3622 1407 3665 ex-

192 3699 278 3754 cunte
303 3691 416 3754 Rornae
440 3689 608 3770 episcopus.
641 3689 670 3751 ls
695 3690 771 3750 enim
795 3711 881 3752 serm.
899 3691 929 3753 8.
944 3691 986 3751 ita
1009 3691 1207 3753 scribitt‘Psr
1230 3697 1314 3752 totins
1338 3697 1408 3752 cani

191 3782 323 3841 osculnm
339 3787 381 3842 ita
397 3789 462 3840 sunt
477 3780 763 3858 iejunin'distridntn,
785 3787 816 3837 ut
839 3781 965 3839 carnibus
987 3786 1057 3840 nani
1080 3780 1247 3858 temporibus
1261 3782 1308 3839 icor
1322 3799 1408 3859 quas-

116 3943 120 3951 ·
191 3869 257 3926 dnm
268 3870 370 3944 jejunii
384 3874 421 3928 sit
437 3870 571 3929 ndatrtctn
583 3869 674 3944 ,quic
684 3868 820 3943 jrprrnium
845 3886 957 3926 πππππι
975 3872 1002 3925 in
1018 3870 1250 3947 qundrnpcsinan,
1271 3873 1407 3927 aestiment

192 3960 223 4014 irs
238 3963 397 4031 pentecoste,
415 3956 578 4015 nutnmnuic
593 3959 623 4013 in
637 3973 729 4013 rnense
746 3956 898 4033 rcptsnrbri,
911 3956 1033 4015 dmrnrnle
1048 3977 1140 4017 mense
1156 3955 1271 4015 mermi.
1284 3956 1407 4015 celsian-

191 4060 267 4111 ntus,
284 4050 315 4099 nt
335 4045 536 4117 iutelliannns,
553 4048 618 4121 ipsc
636 4051 754 4120 qtrntuor
770 4045 901 4102 eicrrmntn
919 4044 1016 4103 narrandi
1030 4045 1157 4105 omnibns
1171 4043 1407 4103 nodis-inseruire.

191 4125 295 4204 Quint
327 4124 404 4188 ldsru
420 4128 483 4189 Leo
508 4148 596 4190 serm.
612 4131 644 4189 7.
669 4129 771 4189 scribit
793 4129 960 4191 universam
985 4130 1139 4194 ecclesiam
1165 4126 1285 4207 exigere
1303 4129 1417 4190 obser--

190 4213 317 4275 vantium
341 4212 444 4274 horum
457 4214 645 4295 jejuniorum.
687 4215 832 4277 Existimo
856 4229 1034 4297 nuncuper
1056 4219 1225 4280 universam
1253 4213 1407 4278 ecclesiam

190 4321 249 4363 uon
265 4300 391 4380 intelligi
407 4301 465 4361 nisi
482 4301 700 4366 occidentalem.
728 4305 802 4365 Nam
818 4307 895 4382 apud
907 4304 1084 4366 sonorosus
1099 4314 1232 4365 caeteros
1249 4302 1410 4383 scriptores

191 4389 318 4451 orientes
331 4388 446 4471 jejunia
462 4398 587 4471 quatuor
602 4402 763 4472 temporum
781 4389 896 4468 nullibi,
914 4395 991 4473 quod
1007 4391 1108 4464 sciam,
1125 4399 1333 4453 memorantur.
1364 4390 1408 4450 ita

9 4478 10 4485 ’
83 4538 91 4556 ‚
193 4478 269 4541 suisa
287 4490 398 4553 certum
410 4478 473 4560 jam
488 4478 550 4557 est,
567 4476 745 4543 inerclenia
766 4478 859 4542 latina
879 4479 993 4562 jejunia
1018 4482 1160 4560 quasdam
1184 4478 1313 4560 singulis
1336 4475 1415 4545 anui¹
