3150 5066
1335 302 1568 375 ror·-

29 412 47 517 ¹.
169 457 254 559 ogit2
276 456 443 558 requirat}
467 453 554 543 quod
574 453 695 523 notum
718 459 771 555 est
792 453 878 556 hanc
897 455 938 521 ob
961 444 1210 558 causamn-cum
1231 457 1386 557 probaret

108 574 113 584 ·
170 540 348 697 brbhosols
364 546 687 630 msototummeom,
707 540 821 607 truilos
838 540 1032 694 libellorum!i
1051 560 1197 630 mprrmrs
1215 562 1384 630 munorum,

171 630 266 716 singu
280 650 319 697 os
349 630 578 716 antiquitatum
609 627 859 695 christianorum
890 628 982 695 locos
1011 629 1260 717 ‘lustrantium‚
1290 630 1385 696 colli·
1442 654 1452 665 ³

171 716 291 804 gendi,
322 736 388 783 non
419 714 692 805 acquiescendum
722 734 799 781 esse
834 716 963 801 putavit
992 715 1026 781 io
1055 715 1098 782 iis
1128 715 1385 804 pertractandis,

171 823 309 890 quorum
330 805 364 869 in
384 803 540 869 thesauro
563 802 657 869 lieret
678 803 818 890 mentio,
848 801 910 870 sed
931 821 1057 868 omnem
1078 800 1147 868 rem
1170 802 1285 869 ordine
1304 821 1385 870 esse

171 889 453 977 persequendam,
485 909 548 955 non
575 889 712 956 excluso
733 888 843 956 indice
862 888 1065 977 libellorum,
1086 888 1255 956 historiam
1277 891 1321 955 N.
1344 891 1384 955 Τ.

170 995 304 1044 sacrum
321 978 560 1063 exponentium.
606 977 694 1042 llaic
714 976 815 1068 igitur
837 976 942 1042 labori
961 994 1013 1042 me
1036 977 1186 1065 accinxi,
1207 994 1272 1043 non
1293 994 1385 1044 sern-

159 1083 233 1151 „per
253 1062 426 1152 expedito,
452 1069 486 1129 et
508 1083 571 1150 quo
591 1082 751 1130 successu
774 1083 843 1130 rem
907 1062 1005 1151 erim,
1034 1063 1221 1130 testimonio
1241 1064 1287 1129 sit
1307 1062 1385 1130 tlrc·

143 1204 146 1205 ν
169 1168 271 1219 souro
286 1151 413 1233 inserta
452 1169 508 1216 ars
520 1149 643 1216 indicis
659 1149 759 1236 illius,
776 1169 877 1237 prope
902 1151 965 1216 iem
981 1148 1149 1216 emittendi
1167 1155 1213 1237 et,
1227 1150 1259 1216 si
1273 1149 1385 1218 dicere

171 1237 224 1303 tos
244 1243 309 1325 est,
332 1172 589 1323 locupfetissimi.
627 1235 699 1304 Sed
718 1243 836 1322 agetur
857 1235 920 1303 hac
942 1235 985 1303 de
1004 1256 1040 1302 rc
1062 1236 1209 1323 pluribus
1230 1238 1263 1302 io
1286 1246 1385 1324 prae·

171 1323 296 1390 tatione
320 1324 472 1411 catalogo
494 1322 569 1391 huic
590 1322 847 1411 praemittenda,
871 1325 927 1410 qui
949 1323 1122 1390 maximam
1145 1328 1271 1409 pionem
1295 1325 1385 1412 typis

165 1414 238 1497 jam
261 1412 447 1498 exscriptus
468 1418 530 1477 est.
1388 1476 1391 1483 .

258 1496 391 1565 ludices
411 1498 642 1584 locupletiores
664 1498 771 1585 poroti
794 1496 924 1585 quidem
942 1503 1054 1587 erant,
1081 1498 1252 1586 suppressi
1275 1504 1384 1596 tommo
1416 1534 1419 1547 ·

171 1586 501 1654 suntcon'seutientc
527 1584 725 1672 bibliopola,
754 1604 797 1651 ue
823 1585 856 1657 in
874 1588 970 1670 Justo
992 1588 1151 1672 majorem
1180 1583 1296 1652 molem
1321 1576 1385 1652 ex'-
1420 1594 1432 1607 ⁸

77 1694 82 1697 ·
171 1678 341 1740 cresceret
358 1673 442 1738 liber
461 1671 624 1759 nimioque
646 1677 780 1824 proffiter
798 1676 915 1739 auctos
935 1678 1086 1759 sumptus
1103 1673 1210 1760 pretio
1232 1671 1385 1740 deterre-

170 1765 294 1827 rentur.
308 1760 535 1826 emturientes.
574 1761 648 1825 Nec
671 1777 691 1824 a
715 1778 755 1826 eo
778 1756 974 1827 uidebuntur
994 1760 1196 1848 necessarii,
1218 1778 1291 1827 cum
1313 1760 1384 1826 sin-

155 1868 159 1875 ’
176 1847 553 1934 gularumzptogulurum
569 1845 835 1931 inscriptionibus
851 1842 991 1915 subinde
1008 1866 1068 1934 pro
1086 1866 1193 1914 rerum
1213 1849 1385 1935 exposita-

45 1985 51 1990 .
176 1955 249 2001 rum
277 1933 444 2001 varietate
477 1933 614 2000 mutetis
642 1931 860 2000 commoditati
889 1933 1048 2003 lectorum
1077 1936 1162 2000 satis
1185 1936 1258 2020 jam
1287 1933 1385 2001 uide-

176 2028 278 2111 retur¹
291 2021 483 2088 consultum.
521 2019 685 2089 Pouciors
705 2019 806 2105 igitur
828 2018 908 2089 doto
928 2022 1056 2087 suntin
1074 2021 1253 2110 indicibus,
1275 2027 1312 2087 ot
1329 2027 1385 2087 to-

127 2166 133 2171 .
171 2128 250 2175 men,
268 2127 385 2176 nomen
405 2108 438 2174 in
455 2107 668 2193 inscriptione
686 2106 759 2172 libri
779 2112 982 2175 contractum
1003 2108 1163 2176 solvatur.

65 2249 70 2256 .
169 2255 170 2258 ,
246 2196 366 2264 -Unum
382 2194 471 2261 -dcui
495 2213 536 2260 oe
566 2192 690 2261 addere
719 2193 830 2263 licent.
852 2196 987 2282 'Operis
1013 2195 1257 2282 typothetarum
1279 2195 1384 2284 inspi-

172 2281 307 2379 ciendis.
324 2215 497 2368 roregeri
529 2300 554 2434 3
1365 2368 1369 2373 ι

136 2436 139 2439 ,
171 2368 324 2436 trudatur
355 2368 429 2457 olii,
468 2387 531 2456 quo
587 2368 649 2433 boc
682 2367 715 2433 in
748 2387 874 2454 genere
905 2374 1077 2456 peccatum
1108 2368 1383 2457 deprehendatur.

174 2454 309 2524 Confido
336 2454 486 2544 quidem,
523 2457 650 2540 mojona
678 2474 764 2540 quae
789 2475 923 2522 sensum
954 2457 1086 2522 turbent
1113 2476 1177 2523 non
1208 2457 1384 2544 irrepsisse

52 2542 55 2547 ’
173 2533 360 2622 σφάλματα·
380 2542 505 2609 minora
524 2547 632 2607 tomen
650 2538 874 2606 condonentur
888 2541 1104 2608 imbecillitati
1120 2541 1292 2630 humanae,
1311 2563 1384 2609 cum

171 2629 224 2694 liis
245 2590 407 2695 inrebus
437 2629 491 2696 vel
521 2624 839 2716 perspicacissimum
867 2627 1032 2693 oculorum
1062 2620 1164 2694 aciem
1188 2663 1231 2717 ···.
1253 2640 1318 2696 non
1341 2629 1383 2697 dc

174 2719 295 2782 memet·
316 2716 527 2803 ipsoloquor
558 2751 596 2767 »ν
629 2713 792 2801 permulto
820 2713 950 2782 soleant
965 2718 1128 2801 effugere.
1175 2715 1213 2781 lo
1241 2718 1384 2801 murima

139 2803 144 2808 ’
173 2803 303 2888 singola
331 2804 434 2869 verba
463 2799 629 2869 scribendi
659 2799 866 2869 diuersitate
880 2803 914 2869 in
940 2807 1006 2870 tam
1036 2803 1140 2869 variis
1171 2803 1311 2892 libellis,
1340 2823 1383 2870 ex
1417 2822 1421 2830 ·

498 2281 529 2347 is
553 2300 593 2346 uc
615 2282 687 2367 ipse
709 2279 844 2371 assedi3
876 2281 962 2371 quod
984 2296 1119 2371 moneo,
1148 2303 1190 2349 oe
1213 2282 1300 2350 forte
1322 2286 1384 2350 ob·
1513 2318 1516 2325 .

172 2891 290 2977 quibus
312 2889 571 2957 hoc-conflatum
594 2893 647 2955 est
669 2888 840 2976 volumen,
860 2903 969 2956 ¹ornum
992 2884 1201 2977 eundemque
1217 2890 1384 2959 scribendi
1508 2952 1511 2959 ,

170 2983 319 3061 tenorem
338 2995 486 3044 servare
508 2969 636 3042 unimus
657 2972 786 3063 quidem
812 2982 906 3061 erat3
934 2975 997 3044 ‘sed
1014 2976 1106 3063 ¹quod
1134 2977 1232 3059 volui
1246 2997 1383 3046 nonme

172 3082 251 3130 esse
267 3071 456 3130 assecutum
472 3065 614 3148 ingenue
631 3060 796 3131 confiteor.
830 3063 1057 3150 Appendicem'
1071 3064 1248 3131 literarium
1265 3067 1299 3131 in
1314 3072 1383 3147 tam

170 3152 479 3238 magnonominum·
490 3150 746 3251 praenominum,
761 3151 918 3238 locorum,
932 3157 1167 3233 ennorom'etc.
1178 3152 1384 3221 multitudine

61 3246 67 3251 ’
170 3254 235 3303 non
246 3236 391 3304 liberum
407 3246 568 3304 mansisse
584 3237 625 3303 ab
642 3237 808 3304 erroribus
826 3238 930 3304 variis
957 3256 1151 3325 persuasum
1167 3237 1292 3325 babeo·¹
1312 3240 1383 3308 Sed

167 3323 298 3391 trac-de
320 3344 357 3391 rc
395 3324 470 3389 uti·
481 3327 553 3409 jam
582 3323 709 3402 dictum,
731 3330 802 3414 est,
833 3324 897 3390 olio
940 3343 1000 3391 oco
1022 3330 1232 3413 ettempore
1254 3333 1382 3415 agetur.

90 3441 94 3449 r
167 3410 255 3507 Nolo
277 3414 345 3496 jem
377 3418 506 3495 octones
524 3410 653 3493 diutius,
665 3412 784 3478 morari
804 3430 981 3500 eorumque
1000 3412 1091 3481 abuti
1111 3414 1288 3505 patientin3
1310 3434 1382 3506 eos,

169 3502 206 3563 ut
226 3497 422 3586 bibliopolae
440 3499 581 3586 inceptis
603 3500 738 3567 etmeis
759 3496 907 3589 faveant,
931 3501 1030 3593 enixe
1049 3520 1142 3587 rogor

254 3612 450 3709 seueram
467 3636 620 3726 Lipsiae,
642 3634 798 3708 carmos
818 3639 939 3729 runs,
960 3637 1252 3711 uooocxcvu.
1287 3620 1294 3625 ’

355 3785 358 3795 ’
530 3847 535 3855 =
592 3852 614 3862 ··
700 3870 701 3875 κ
782 3805 1337 3923 ¹morin.tortuosorum.
