<?xml version="1.0" encoding="UTF-8"?>
<!DOCTYPE html PUBLIC "-//W3C//DTD XHTML 1.0 Transitional//EN"
    "http://www.w3.org/TR/xhtml1/DTD/xhtml1-transitional.dtd">
<html xmlns="http://www.w3.org/1999/xhtml" xml:lang="en" lang="en">
 <head>
  <title>
</title>
<meta http-equiv="Content-Type" content="text/html;charset=utf-8" />
  <meta name='ocr-system' content='tesseract 3.04.00' />
  <meta name='ocr-capabilities' content='ocr_page ocr_carea ocr_par ocr_line ocrx_word'/>
</head>
<body>
  <div class='ocr_page' id='page_1' title='image "./thesauruscommen03volbgoog_0390.png"; bbox 0 0 3152 5066; ppageno 0'>
   <div class='ocr_carea' id='block_1_1' title="bbox 532 320 1351 415">
    <p class='ocr_par' dir='ltr' id='par_1_1' title="bbox 442 299 1351 415">
     <span class='ocr_line' id='line_1_1' title="bbox 532 320 1351 415; baseline -0.006 -2.495"><span class='ocrx_word' id='word_1_1' title='bbox 532 319 970 415; x_wconf 62' lang='lat' dir='ltr'><strong>‹tresue-reme</strong></span> <span class='ocrx_word' id='word_1_2' title='bbox 1054 364 1061 381; x_wconf 85' lang='lat'><em>-</em></span> <span class='ocrx_word' id='word_1_3' title='bbox 1230 320 1351 409; x_wconf 64' lang='lat' dir='ltr'><strong>‘aa</strong></span> 
     </span>
    </p>
   </div>
   <div class='ocr_carea' id='block_1_2' title="bbox 122 496 1351 762">
    <p class='ocr_par' dir='ltr' id='par_1_2' title="bbox 122 496 1351 762">
     <span class='ocr_line' id='line_1_2' title="bbox 122 496 1349 583; baseline 0.003 -16"><span class='ocrx_word' id='word_1_4' title='bbox 122 498 237 567; x_wconf 75' lang='lat' dir='ltr'><strong>saltem</strong></span> <span class='ocrx_word' id='word_1_5' title='bbox 249 496 388 581; x_wconf 69' lang='lat' dir='ltr'><strong>emron</strong></span> <span class='ocrx_word' id='word_1_6' title='bbox 402 498 770 578; x_wconf 72' lang='lat' dir='ltr'><strong>rigomersrttetrntnr.</strong></span> <span class='ocrx_word' id='word_1_7' title='bbox 800 500 959 573; x_wconf 78' lang='lat' dir='ltr'><strong>Potiusiunt</strong></span> <span class='ocrx_word' id='word_1_8' title='bbox 975 509 1071 573; x_wconf 73' lang='lat' dir='ltr'><strong>euru</strong></span> <span class='ocrx_word' id='word_1_9' title='bbox 1086 501 1172 582; x_wconf 68' lang='lat' dir='ltr'><strong>rullo,</strong></span> <span class='ocrx_word' id='word_1_10' title='bbox 1190 523 1245 583; x_wconf 65' lang='lat' dir='ltr'><strong>our</strong></span> <span class='ocrx_word' id='word_1_11' title='bbox 1256 502 1349 580; x_wconf 69' lang='lat' dir='ltr'><strong>iilum</strong></span> 
     </span>
     <span class='ocr_line' id='line_1_3' title="bbox 122 585 1351 672; baseline 0.006 -22"><span class='ocrx_word' id='word_1_12' title='bbox 122 589 209 650; x_wconf 83' lang='lat' dir='ltr'><strong>hunc</strong></span> <span class='ocrx_word' id='word_1_13' title='bbox 231 585 410 649; x_wconf 84' lang='lat' dir='ltr'><strong>subsilieudi</strong></span> <span class='ocrx_word' id='word_1_14' title='bbox 433 587 464 649; x_wconf 88' lang='lat' dir='ltr'><strong>in</strong></span> <span class='ocrx_word' id='word_1_15' title='bbox 489 586 547 650; x_wconf 82' lang='lat' dir='ltr'><strong>bns</strong></span> <span class='ocrx_word' id='word_1_16' title='bbox 562 608 681 669; x_wconf 87' lang='lat' dir='ltr'><strong>precum</strong></span> <span class='ocrx_word' id='word_1_17' title='bbox 699 589 1039 668; x_wconf 84' lang='lat' dir='ltr'><strong>exolesceresinerent,</strong></span> <span class='ocrx_word' id='word_1_18' title='bbox 1062 590 1207 663; x_wconf 69' lang='lat' dir='ltr'><strong>eainbss</strong></span> <span class='ocrx_word' id='word_1_19' title='bbox 1222 590 1351 672; x_wconf 75' lang='lat' dir='ltr'><strong>violetur,</strong></span> 
     </span>
     <span class='ocr_line' id='line_1_4' title="bbox 125 673 1346 762; baseline 0.003 -25"><span class='ocrx_word' id='word_1_20' title='bbox 125 677 209 759; x_wconf 78' lang='lat' dir='ltr'><strong>quod</strong></span> <span class='ocrx_word' id='word_1_21' title='bbox 224 673 265 756; x_wconf 91' lang='lat' dir='ltr'><strong>pii</strong></span> <span class='ocrx_word' id='word_1_22' title='bbox 283 675 443 737; x_wconf 74' lang='lat' dir='ltr'><strong>Christiani</strong></span> <span class='ocrx_word' id='word_1_23' title='bbox 460 675 599 753; x_wconf 64' lang='lat' dir='ltr'><strong>aderent,</strong></span> <span class='ocrx_word' id='word_1_24' title='bbox 619 677 695 738; x_wconf 87' lang='lat' dir='ltr'><strong>banc</strong></span> <span class='ocrx_word' id='word_1_25' title='bbox 712 676 760 738; x_wconf 89' lang='lat' dir='ltr'><strong>sui</strong></span> <span class='ocrx_word' id='word_1_26' title='bbox 774 677 876 757; x_wconf 81' lang='lat' dir='ltr'><strong>gandii</strong></span> <span class='ocrx_word' id='word_1_27' title='bbox 892 677 1197 760; x_wconf 73' lang='lat' dir='ltr'><strong>ardentiorisqne,zeti</strong></span> <span class='ocrx_word' id='word_1_28' title='bbox 1213 678 1346 762; x_wconf 91' lang='lat' dir='ltr'><strong>eruptio-</strong></span> 
     </span>
    </p>
   </div>
   <div class='ocr_carea' id='block_1_3' title="bbox 9 760 1347 846">
    <p class='ocr_par' dir='ltr' id='par_1_3' title="bbox 9 760 1347 846">
     <span class='ocr_line' id='line_1_5' title="bbox 9 760 1347 846; baseline 0.004 -22"><span class='ocrx_word' id='word_1_29' title='bbox 9 792 10 795; x_wconf 39' lang='lat'><em>*</em></span> <span class='ocrx_word' id='word_1_30' title='bbox 123 770 197 825; x_wconf 87' lang='lat' dir='ltr'><strong>nem</strong></span> <span class='ocrx_word' id='word_1_31' title='bbox 213 764 250 824; x_wconf 93' lang='lat' dir='ltr'><strong>ab</strong></span> <span class='ocrx_word' id='word_1_32' title='bbox 268 762 335 824; x_wconf 85' lang='lat' dir='ltr'><strong>aliis</strong></span> <span class='ocrx_word' id='word_1_33' title='bbox 349 760 504 827; x_wconf 85' lang='lat' dir='ltr'><strong>in&#39;ialsnm</strong></span> <span class='ocrx_word' id='word_1_34' title='bbox 517 762 670 826; x_wconf 82' lang='lat' dir='ltr'><strong>&#39;imitamen</strong></span> <span class='ocrx_word' id='word_1_35' title='bbox 686 764 792 846; x_wconf 88' lang='lat' dir='ltr'><strong>accipi.</strong></span> <span class='ocrx_word' id='word_1_36' title='bbox 831 767 878 828; x_wconf 88' lang='lat' dir='ltr'><strong>De</strong></span> <span class='ocrx_word' id='word_1_37' title='bbox 888 764 1073 828; x_wconf 74' lang='lat' dir='ltr'><strong>‘Meletianis&#39;</strong></span> <span class='ocrx_word' id='word_1_38' title='bbox 1088 786 1124 827; x_wconf 88' lang='lat' dir='ltr'><strong>ex</strong></span> <span class='ocrx_word' id='word_1_39' title='bbox 1140 766 1237 829; x_wconf 87' lang='lat' dir='ltr'><strong>Petrei</strong></span> <span class='ocrx_word' id='word_1_40' title='bbox 1253 766 1347 829; x_wconf 82' lang='lat' dir='ltr'><strong>Cata-</strong></span> 
     </span>
    </p>
   </div>
   <div class='ocr_carea' id='block_1_4' title="bbox 121 843 1350 1291">
    <p class='ocr_par' dir='ltr' id='par_1_4' title="bbox 121 843 1350 1291">
     <span class='ocr_line' id='line_1_6' title="bbox 124 843 1350 936; baseline 0.002 -26"><span class='ocrx_word' id='word_1_41' title='bbox 124 850 200 932; x_wconf 84' lang='lat' dir='ltr'><strong>logo</strong></span> <span class='ocrx_word' id='word_1_42' title='bbox 216 849 438 913; x_wconf 83' lang='lat' dir='ltr'><strong>Haereticornm</strong></span> <span class='ocrx_word' id='word_1_43' title='bbox 457 849 677 913; x_wconf 83' lang='lat' dir='ltr'><strong>Stookmannus</strong></span> <span class='ocrx_word' id='word_1_44' title='bbox 695 852 803 931; x_wconf 80' lang='lat' dir='ltr'><strong>refert,</strong></span> <span class='ocrx_word' id='word_1_45' title='bbox 826 855 902 934; x_wconf 83' lang='lat' dir='ltr'><strong>qnod</strong></span> <span class='ocrx_word' id='word_1_46' title='bbox 921 852 1064 936; x_wconf 89' lang='lat' dir='ltr'><strong>pulsando</strong></span> <span class='ocrx_word' id='word_1_47' title='bbox 1081 851 1277 917; x_wconf 81' lang='lat' dir='ltr'><strong>tintinnabula</strong></span> <span class='ocrx_word' id='word_1_48' title='bbox 1293 843 1350 917; x_wconf 74' lang='lat' dir='ltr'><strong>cro-¹</strong></span> 
     </span>
     <span class='ocr_line' id='line_1_7' title="bbox 121 936 1346 1031; baseline 0.002 -30"><span class='ocrx_word' id='word_1_49' title='bbox 121 939 241 1021; x_wconf 85' lang='lat' dir='ltr'><strong>nendo,</strong></span> <span class='ocrx_word' id='word_1_50' title='bbox 271 938 405 1001; x_wconf 86' lang='lat' dir='ltr'><strong>saltando</strong></span> <span class='ocrx_word' id='word_1_51' title='bbox 424 939 521 1000; x_wconf 89' lang='lat' dir='ltr'><strong>Deum</strong></span> <span class='ocrx_word' id='word_1_52' title='bbox 546 939 664 1020; x_wconf 91' lang='lat' dir='ltr'><strong>placare</strong></span> <span class='ocrx_word' id='word_1_53' title='bbox 680 959 713 1002; x_wconf 90' lang='lat' dir='ltr'><strong>so</strong></span> <span class='ocrx_word' id='word_1_54' title='bbox 729 961 817 1021; x_wconf 88' lang='lat' dir='ltr'><strong>posse</strong></span> <span class='ocrx_word' id='word_1_55' title='bbox 833 941 1011 1021; x_wconf 84' lang='lat' dir='ltr'><strong>putaverint.</strong></span> <span class='ocrx_word' id='word_1_56' title='bbox 1030 936 1109 1031; x_wconf 45' lang='lat' dir='ltr'><strong>,seo</strong></span> <span class='ocrx_word' id='word_1_57' title='bbox 1128 958 1194 1003; x_wconf 91' lang='lat' dir='ltr'><strong>cum</strong></span> <span class='ocrx_word' id='word_1_58' title='bbox 1211 941 1346 1024; x_wconf 82' lang='lat' dir='ltr'><strong>llpipba·</strong></span> 
     </span>
     <span class='ocr_line' id='line_1_8' title="bbox 125 1012 1347 1110; baseline 0.003 -24"><span class='ocrx_word' id='word_1_59' title='bbox 125 1025 210 1103; x_wconf 89' lang='lat' dir='ltr'><strong>nius,</strong></span> <span class='ocrx_word' id='word_1_60' title='bbox 229 1022 397 1088; x_wconf 76' lang='lat' dir='ltr'><strong>haereticae</strong></span> <span class='ocrx_word' id='word_1_61' title='bbox 414 1033 443 1087; x_wconf 88' lang='lat' dir='ltr'><strong>et</strong></span> <span class='ocrx_word' id='word_1_62' title='bbox 459 1025 663 1089; x_wconf 78' lang='lat' dir='ltr'><strong>schismaticae</strong></span> <span class='ocrx_word' id='word_1_63' title='bbox 679 1025 837 1110; x_wconf 88' lang='lat' dir='ltr'><strong>impietatis</strong></span> <span class='ocrx_word' id='word_1_64' title='bbox 854 1049 960 1092; x_wconf 89' lang='lat' dir='ltr'><strong>censor</strong></span> <span class='ocrx_word' id='word_1_65' title='bbox 975 1027 1053 1093; x_wconf 85' lang='lat' dir='ltr'><strong>aliae</strong></span> <span class='ocrx_word' id='word_1_66' title='bbox 1069 1027 1246 1106; x_wconf 86' lang='lat' dir='ltr'><strong>acerrimus,</strong></span> <span class='ocrx_word' id='word_1_67' title='bbox 1271 1012 1347 1107; x_wconf 85' lang='lat' dir='ltr'><strong>nihil</strong></span> 
     </span>
     <span class='ocr_line' id='line_1_9' title="bbox 125 1110 1348 1199; baseline 0.003 -25"><span class='ocrx_word' id='word_1_68' title='bbox 125 1114 165 1175; x_wconf 85' lang='lat' dir='ltr'><strong>rle</strong></span> <span class='ocrx_word' id='word_1_69' title='bbox 180 1114 234 1176; x_wconf 89' lang='lat' dir='ltr'><strong>hac</strong></span> <span class='ocrx_word' id='word_1_70' title='bbox 247 1132 279 1176; x_wconf 89' lang='lat' dir='ltr'><strong>re</strong></span> <span class='ocrx_word' id='word_1_71' title='bbox 291 1110 389 1192; x_wconf 84' lang='lat' dir='ltr'><strong>refert,</strong></span> <span class='ocrx_word' id='word_1_72' title='bbox 405 1114 455 1176; x_wconf 84' lang='lat' dir='ltr'><strong>rix</strong></span> <span class='ocrx_word' id='word_1_73' title='bbox 471 1113 613 1176; x_wconf 89' lang='lat' dir='ltr'><strong>hactenns</strong></span> <span class='ocrx_word' id='word_1_74' title='bbox 628 1135 647 1177; x_wconf 90' lang='lat' dir='ltr'><strong>a</strong></span> <span class='ocrx_word' id='word_1_75' title='bbox 662 1115 748 1177; x_wconf 89' lang='lat' dir='ltr'><strong>nobis</strong></span> <span class='ocrx_word' id='word_1_76' title='bbox 763 1117 919 1198; x_wconf 88' lang='lat' dir='ltr'><strong>impetrare</strong></span> <span class='ocrx_word' id='word_1_77' title='bbox 934 1116 1094 1199; x_wconf 91' lang='lat' dir='ltr'><strong>potuimus,</strong></span> <span class='ocrx_word' id='word_1_78' title='bbox 1111 1125 1143 1179; x_wconf 90' lang='lat' dir='ltr'><strong>ut</strong></span> <span class='ocrx_word' id='word_1_79' title='bbox 1157 1114 1238 1199; x_wconf 90' lang='lat' dir='ltr'><strong>pleni</strong></span> <span class='ocrx_word' id='word_1_80' title='bbox 1255 1116 1348 1179; x_wconf 89' lang='lat' dir='ltr'><strong>nostri</strong></span> 
     </span>
     <span class='ocr_line' id='line_1_10' title="bbox 124 1199 1350 1291; baseline 0.005 -28"><span class='ocrx_word' id='word_1_81' title='bbox 124 1199 276 1291; x_wconf 81' lang='lat' dir='ltr'><strong>suffragii,</strong></span> <span class='ocrx_word' id='word_1_82' title='bbox 294 1203 321 1263; x_wconf 89' lang='lat' dir='ltr'><strong>si</strong></span> <span class='ocrx_word' id='word_1_83' title='bbox 338 1203 416 1291; x_wconf 79' lang='lat' dir='ltr'><strong>quoti</strong></span> <span class='ocrx_word' id='word_1_84' title='bbox 433 1200 548 1283; x_wconf 87' lang='lat' dir='ltr'><strong>quidem</strong></span> <span class='ocrx_word' id='word_1_85' title='bbox 564 1200 718 1283; x_wconf 85' lang='lat' dir='ltr'><strong>habemns,</strong></span> <span class='ocrx_word' id='word_1_86' title='bbox 735 1203 882 1267; x_wconf 89' lang='lat' dir='ltr'><strong>calculum</strong></span> <span class='ocrx_word' id='word_1_87' title='bbox 898 1203 946 1267; x_wconf 89' lang='lat' dir='ltr'><strong>bis</strong></span> <span class='ocrx_word' id='word_1_88' title='bbox 964 1205 1085 1268; x_wconf 89' lang='lat' dir='ltr'><strong>assertis</strong></span> <span class='ocrx_word' id='word_1_89' title='bbox 1101 1205 1350 1269; x_wconf 78' lang='lat' dir='ltr'><strong>adscriberemus.</strong></span> 
     </span>
    </p>
   </div>
   <div class='ocr_carea' id='block_1_5' title="bbox 124 1339 1428 2735">
    <p class='ocr_par' dir='ltr' id='par_1_5' title="bbox 124 1339 1428 2735">
     <span class='ocr_line' id='line_1_11' title="bbox 217 1339 1351 1424; baseline 0.007 -24"><span class='ocrx_word' id='word_1_90' title='bbox 217 1339 247 1424; x_wconf 60' lang='grc' dir='ltr'><strong>ᾗ.</strong></span> <span class='ocrx_word' id='word_1_91' title='bbox 263 1339 316 1403; x_wconf 88' lang='lat' dir='ltr'><strong>2l.</strong></span> <span class='ocrx_word' id='word_1_92' title='bbox 354 1340 498 1418; x_wconf 79' lang='lat' dir='ltr'><strong>Quamuis</strong></span> <span class='ocrx_word' id='word_1_93' title='bbox 513 1341 607 1419; x_wconf 82' lang='lat' dir='ltr'><strong>enim,</strong></span> <span class='ocrx_word' id='word_1_94' title='bbox 632 1342 661 1403; x_wconf 91' lang='lat' dir='ltr'><strong>si</strong></span> <span class='ocrx_word' id='word_1_95' title='bbox 677 1350 788 1405; x_wconf 86' lang='lat' dir='ltr'><strong>stemus</strong></span> <span class='ocrx_word' id='word_1_96' title='bbox 806 1343 927 1407; x_wconf 86' lang='lat' dir='ltr'><strong>Baronii</strong></span> <span class='ocrx_word' id='word_1_97' title='bbox 944 1352 975 1404; x_wconf 86' lang='lat' dir='ltr'><strong>et</strong></span> <span class='ocrx_word' id='word_1_98' title='bbox 988 1341 1100 1406; x_wconf 81' lang='lat' dir='ltr'><strong>Petarii</strong></span> <span class='ocrx_word' id='word_1_99' title='bbox 1113 1342 1276 1424; x_wconf 67' lang='lat' dir='ltr'><strong>pudicicia</strong></span> <span class='ocrx_word' id='word_1_100' title='bbox 1289 1342 1351 1407; x_wconf 65' lang='lat'><strong>115⁴</strong></span> 
     </span>
     <span class='ocr_line' id='line_1_12' title="bbox 126 1418 1351 1512; baseline 0.003 -25"><span class='ocrx_word' id='word_1_101' title='bbox 126 1418 471 1506; x_wconf 83' lang='lat' dir='ltr'><strong>storiaMelotianorurn,</strong></span> <span class='ocrx_word' id='word_1_102' title='bbox 481 1427 648 1511; x_wconf 85' lang='lat' dir='ltr'><strong>Epiphanio</strong></span> <span class='ocrx_word' id='word_1_103' title='bbox 663 1448 766 1511; x_wconf 90' lang='lat' dir='ltr'><strong>parurn</strong></span> <span class='ocrx_word' id='word_1_104' title='bbox 784 1431 852 1493; x_wconf 82' lang='lat' dir='ltr'><strong>briei</strong></span> <span class='ocrx_word' id='word_1_105' title='bbox 871 1432 1035 1492; x_wconf 79' lang='lat' dir='ltr'><strong>habendum</strong></span> <span class='ocrx_word' id='word_1_106' title='bbox 1050 1430 1098 1507; x_wconf 83' lang='lat' dir='ltr'><strong>sit,</strong></span> <span class='ocrx_word' id='word_1_107' title='bbox 1115 1433 1193 1511; x_wconf 79' lang='lat' dir='ltr'><strong>qnod</strong></span> <span class='ocrx_word' id='word_1_108' title='bbox 1205 1430 1238 1492; x_wconf 86' lang='lat' dir='ltr'><strong>in</strong></span> <span class='ocrx_word' id='word_1_109' title='bbox 1249 1430 1351 1512; x_wconf 57' lang='lat' dir='ltr'><strong>serp,</strong></span> 
     </span>
     <span class='ocr_line' id='line_1_13' title="bbox 126 1514 1350 1599; baseline -0.002 -22"><span class='ocrx_word' id='word_1_110' title='bbox 126 1523 222 1577; x_wconf 85' lang='lat' dir='ltr'><strong>torem</strong></span> <span class='ocrx_word' id='word_1_111' title='bbox 240 1514 367 1596; x_wconf 50' lang='lat' dir='ltr'><strong>Quem</strong></span> <span class='ocrx_word' id='word_1_112' title='bbox 383 1514 507 1578; x_wconf 83' lang='lat' dir='ltr'><strong>Meletio</strong></span> <span class='ocrx_word' id='word_1_113' title='bbox 524 1517 671 1579; x_wconf 87' lang='lat' dir='ltr'><strong>farentern</strong></span> <span class='ocrx_word' id='word_1_114' title='bbox 694 1518 847 1594; x_wconf 86' lang='lat' dir='ltr'><strong>inciderit,</strong></span> <span class='ocrx_word' id='word_1_115' title='bbox 873 1519 922 1599; x_wconf 74' lang='lat' dir='ltr'><strong>qui</strong></span> <span class='ocrx_word' id='word_1_116' title='bbox 946 1517 1024 1579; x_wconf 77' lang='lat' dir='ltr'><strong>ialsa</strong></span> <span class='ocrx_word' id='word_1_117' title='bbox 1044 1517 1172 1581; x_wconf 73' lang='lat' dir='ltr'><strong>tenuis</strong></span> <span class='ocrx_word' id='word_1_118' title='bbox 1188 1529 1260 1580; x_wconf 55' lang='lat' dir='ltr'><strong>aeta*</strong></span> <span class='ocrx_word' id='word_1_119' title='bbox 1271 1521 1350 1580; x_wconf 75' lang='lat' dir='ltr'><strong>scri·</strong></span> 
     </span>
     <span class='ocr_line' id='line_1_14' title="bbox 125 1601 1350 1683; baseline 0.003 -19"><span class='ocrx_word' id='word_1_120' title='bbox 125 1603 224 1683; x_wconf 84' lang='lat' dir='ltr'><strong>heudo</strong></span> <span class='ocrx_word' id='word_1_121' title='bbox 241 1601 439 1683; x_wconf 82' lang='lat' dir='ltr'><strong>turpissimam</strong></span> <span class='ocrx_word' id='word_1_122' title='bbox 456 1603 604 1666; x_wconf 73' lang='lat' dir='ltr'><strong>infamiam</strong></span> <span class='ocrx_word' id='word_1_123' title='bbox 615 1616 643 1666; x_wconf 92' lang='lat' dir='ltr'><strong>et</strong></span> <span class='ocrx_word' id='word_1_124' title='bbox 662 1603 864 1667; x_wconf 87' lang='lat' dir='ltr'><strong>exsecrabilia</strong></span> <span class='ocrx_word' id='word_1_125' title='bbox 875 1606 957 1667; x_wconf 83' lang='lat' dir='ltr'><strong>laeta</strong></span> <span class='ocrx_word' id='word_1_126' title='bbox 971 1603 1183 1667; x_wconf 81' lang='lat' dir='ltr'><strong>dissimularit:</strong></span> <span class='ocrx_word' id='word_1_127' title='bbox 1197 1605 1350 1667; x_wconf 75' lang='lat' dir='ltr'><strong>nihilomi-</strong></span> 
     </span>
     <span class='ocr_line' id='line_1_15' title="bbox 124 1689 1350 1772; baseline 0.003 -21"><span class='ocrx_word' id='word_1_128' title='bbox 124 1698 308 1768; x_wconf 82' lang='lat' dir='ltr'><strong>unstauretr,</strong></span> <span class='ocrx_word' id='word_1_129' title='bbox 325 1689 445 1753; x_wconf 31' lang='lat' dir='ltr'><strong>sishaec</strong></span> <span class='ocrx_word' id='word_1_130' title='bbox 455 1708 525 1753; x_wconf 87' lang='lat' dir='ltr'><strong>rera</strong></span> <span class='ocrx_word' id='word_1_131' title='bbox 539 1702 647 1768; x_wconf 84' lang='lat' dir='ltr'><strong>essent,</strong></span> <span class='ocrx_word' id='word_1_132' title='bbox 663 1699 767 1754; x_wconf 81' lang='lat' dir='ltr'><strong>centra</strong></span> <span class='ocrx_word' id='word_1_133' title='bbox 779 1711 960 1759; x_wconf 76' lang='lat' dir='ltr'><strong>communem</strong></span> <span class='ocrx_word' id='word_1_134' title='bbox 977 1692 1159 1772; x_wconf 64' lang='lat' dir='ltr'><strong>antiquitatis</strong></span> <span class='ocrx_word' id='word_1_135' title='bbox 1170 1696 1350 1755; x_wconf 64' lang='lat' dir='ltr'><strong>mosum</strong></span> 
     </span>
     <span class='ocr_line' id='line_1_16' title="bbox 124 1775 1351 1861; baseline 0.003 -23"><span class='ocrx_word' id='word_1_136' title='bbox 124 1775 270 1839; x_wconf 75' lang='lat' dir='ltr'><strong>Meletieus</strong></span> <span class='ocrx_word' id='word_1_137' title='bbox 284 1782 344 1839; x_wconf 81' lang='lat' dir='ltr'><strong>no&#39;n</strong></span> <span class='ocrx_word' id='word_1_138' title='bbox 359 1778 569 1856; x_wconf 67' lang='lat' dir='ltr'><strong>schismaticis,</strong></span> <span class='ocrx_word' id='word_1_139' title='bbox 584 1782 636 1841; x_wconf 75' lang='lat' dir='ltr'><strong>secl</strong></span> <span class='ocrx_word' id='word_1_140' title='bbox 652 1778 810 1842; x_wconf 81' lang='lat' dir='ltr'><strong>haereticis</strong></span> <span class='ocrx_word' id='word_1_141' title='bbox 831 1780 1045 1842; x_wconf 55' lang='lat' dir='ltr'><strong>arembertus</strong></span> <span class='ocrx_word' id='word_1_142' title='bbox 1055 1779 1143 1843; x_wconf 81' lang='lat' dir='ltr'><strong>ieret.</strong></span> <span class='ocrx_word' id='word_1_143' title='bbox 1165 1779 1351 1861; x_wconf 73' lang='lat' dir='ltr'><strong>Neu-itaque</strong></span> 
     </span>
     <span class='ocr_line' id='line_1_17' title="bbox 125 1860 1350 1948; baseline 0.002 -22"><span class='ocrx_word' id='word_1_144' title='bbox 125 1860 300 1938; x_wconf 81' lang='lat' dir='ltr'><strong>Meletiaui,¹</strong></span> <span class='ocrx_word' id='word_1_145' title='bbox 325 1868 377 1928; x_wconf 76' lang='lat' dir='ltr'><strong>secl</strong></span> <span class='ocrx_word' id='word_1_146' title='bbox 394 1865 472 1928; x_wconf 80' lang='lat' dir='ltr'><strong>aliae</strong></span> <span class='ocrx_word' id='word_1_147' title='bbox 486 1878 585 1928; x_wconf 89' lang='lat' dir='ltr'><strong>sectae</strong></span> <span class='ocrx_word' id='word_1_148' title='bbox 600 1868 660 1948; x_wconf 86' lang='lat' dir='ltr'><strong>jam</strong></span> <span class='ocrx_word' id='word_1_149' title='bbox 676 1868 785 1929; x_wconf 76' lang='lat' dir='ltr'><strong>unone</strong></span> <span class='ocrx_word' id='word_1_150' title='bbox 801 1866 1018 1947; x_wconf 65' lang='lat' dir='ltr'><strong>satagentium</strong></span> <span class='ocrx_word' id='word_1_151' title='bbox 1036 1864 1261 1929; x_wconf 70' lang='lat' dir='ltr'><strong>ridiculam</strong></span> <span class='ocrx_word' id='word_1_152' title='bbox 1281 1867 1350 1928; x_wconf 68' lang='lat' dir='ltr'><strong>oni«.</strong></span> 
     </span>
     <span class='ocr_line' id='line_1_18' title="bbox 126 1950 1428 2034; baseline 0.004 -22"><span class='ocrx_word' id='word_1_153' title='bbox 126 1970 194 2013; x_wconf 71' lang='lat' dir='ltr'><strong>uos</strong></span> <span class='ocrx_word' id='word_1_154' title='bbox 209 1951 600 2034; x_wconf 77' lang='lat' dir='ltr'><strong>Christianorumrirleatsr</strong></span> <span class='ocrx_word' id='word_1_155' title='bbox 614 1953 785 2030; x_wconf 76' lang='lat' dir='ltr'><strong>inunxisse,</strong></span> <span class='ocrx_word' id='word_1_156' title='bbox 809 1963 842 2014; x_wconf 88' lang='lat' dir='ltr'><strong>nt</strong></span> <span class='ocrx_word' id='word_1_157' title='bbox 860 1973 949 2029; x_wconf 77' lang='lat' dir='ltr'><strong>nsum</strong></span> <span class='ocrx_word' id='word_1_158' title='bbox 970 1954 1041 2014; x_wconf 86' lang='lat' dir='ltr'><strong>hoio</strong></span> <span class='ocrx_word' id='word_1_159' title='bbox 1066 1954 1349 2033; x_wconf 51' lang='lat' dir='ltr'><strong>sumpserunt</strong></span> <span class='ocrx_word' id='word_1_160' title='bbox 1421 1950 1428 1969; x_wconf 68' lang='lat'>²</span> 
     </span>
     <span class='ocr_line' id='line_1_19' title="bbox 125 2039 1351 2122; baseline 0.002 -20"><span class='ocrx_word' id='word_1_161' title='bbox 125 2040 240 2120; x_wconf 78' lang='lat' dir='ltr'><strong>Nempe</strong></span> <span class='ocrx_word' id='word_1_162' title='bbox 269 2050 375 2120; x_wconf 84' lang='lat' dir='ltr'><strong>gentes</strong></span> <span class='ocrx_word' id='word_1_163' title='bbox 392 2039 547 2102; x_wconf 86' lang='lat' dir='ltr'><strong>olimnon</strong></span> <span class='ocrx_word' id='word_1_164' title='bbox 563 2039 691 2105; x_wconf 69' lang='lat' dir='ltr'><strong>intimam</strong></span> <span class='ocrx_word' id='word_1_165' title='bbox 709 2060 862 2103; x_wconf 81' lang='lat' dir='ltr'><strong>sacrorum</strong></span> <span class='ocrx_word' id='word_1_166' title='bbox 879 2044 1266 2122; x_wconf 70' lang='lat' dir='ltr'><strong>suoranpartcmehoreas</strong></span> <span class='ocrx_word' id='word_1_167' title='bbox 1283 2060 1351 2105; x_wconf 76' lang='lat' dir='ltr'><strong>esse</strong></span> 
     </span>
     <span class='ocr_line' id='line_1_20' title="bbox 128 2126 1353 2210; baseline 0.002 -20"><span class='ocrx_word' id='word_1_168' title='bbox 128 2126 301 2206; x_wconf 82' lang='lat' dir='ltr'><strong>volucrunt,</strong></span> <span class='ocrx_word' id='word_1_169' title='bbox 324 2128 435 2210; x_wconf 84' lang='lat' dir='ltr'><strong>quippe·</strong></span> <span class='ocrx_word' id='word_1_170' title='bbox 444 2127 535 2191; x_wconf 81' lang='lat' dir='ltr'><strong>Plato</strong></span> <span class='ocrx_word' id='word_1_171' title='bbox 559 2132 596 2190; x_wconf 86' lang='lat' dir='ltr'><strong>de</strong></span> <span class='ocrx_word' id='word_1_172' title='bbox 610 2127 693 2209; x_wconf 82' lang='lat' dir='ltr'><strong>legg.</strong></span> <span class='ocrx_word' id='word_1_173' title='bbox 710 2127 747 2204; x_wconf 88' lang='grc'><strong>2,</strong></span> <span class='ocrx_word' id='word_1_174' title='bbox 765 2129 796 2191; x_wconf 82' lang='lat' dir='ltr'><strong>o.</strong></span> <span class='ocrx_word' id='word_1_175' title='bbox 807 2178 810 2183; x_wconf 70' lang='grc'><em>,</em></span> <span class='ocrx_word' id='word_1_176' title='bbox 823 2129 946 2190; x_wconf 83' lang='lat' dir='ltr'><strong>testatur</strong></span> <span class='ocrx_word' id='word_1_177' title='bbox 956 2156 974 2203; x_wconf 75' lang='lat'><strong>,=</strong></span> <span class='ocrx_word' id='word_1_178' title='bbox 987 2126 1119 2207; x_wconf 82' lang='lat' dir='ltr'><strong>singulis</strong></span> <span class='ocrx_word' id='word_1_179' title='bbox 1134 2127 1201 2189; x_wconf 86' lang='lat' dir='ltr'><strong>Diis</strong></span> <span class='ocrx_word' id='word_1_180' title='bbox 1224 2128 1353 2192; x_wconf 75' lang='lat' dir='ltr'><strong>choreus</strong></span> 
     </span>
     <span class='ocr_line' id='line_1_21' title="bbox 128 2212 1350 2296; baseline 0.001 -20"><span class='ocrx_word' id='word_1_181' title='bbox 128 2212 199 2276; x_wconf 86' lang='lat' dir='ltr'><strong>olim</strong></span> <span class='ocrx_word' id='word_1_182' title='bbox 226 2228 415 2279; x_wconf 84' lang='lat' dir='ltr'><strong>consecratas</strong></span> <span class='ocrx_word' id='word_1_183' title='bbox 441 2214 546 2278; x_wconf 87' lang='lat' dir='ltr'><strong>fuisse.</strong></span> <span class='ocrx_word' id='word_1_184' title='bbox 585 2216 654 2296; x_wconf 84' lang='lat' dir='ltr'><strong>ipsa</strong></span> <span class='ocrx_word' id='word_1_185' title='bbox 677 2215 790 2277; x_wconf 79' lang='lat' dir='ltr'><strong>Bacchi.</strong></span> <span class='ocrx_word' id='word_1_186' title='bbox 811 2230 900 2277; x_wconf 77' lang='lat' dir='ltr'><strong>sacra·</strong></span> <span class='ocrx_word' id='word_1_187' title='bbox 922 2233 995 2277; x_wconf 85' lang='lat' dir='ltr'><strong>eum</strong></span> <span class='ocrx_word' id='word_1_188' title='bbox 1013 2214 1148 2296; x_wconf 78' lang='lat' dir='ltr'><strong>tripudiis</strong></span> <span class='ocrx_word' id='word_1_189' title='bbox 1172 2219 1350 2296; x_wconf 72' lang='lat' dir='ltr'><strong>agebantur,</strong></span> 
     </span>
     <span class='ocr_line' id='line_1_22' title="bbox 127 2292 1351 2385; baseline 0.001 -21"><span class='ocrx_word' id='word_1_190' title='bbox 127 2303 213 2364; x_wconf 85' lang='lat' dir='ltr'><strong>unde</strong></span> <span class='ocrx_word' id='word_1_191' title='bbox 224 2301 386 2367; x_wconf 81' lang='lat' dir='ltr'><strong>nouaclum</strong></span> <span class='ocrx_word' id='word_1_192' title='bbox 404 2303 646 2385; x_wconf 77' lang='lat' dir='ltr'><strong>hicLycopbrorri</strong></span> <span class='ocrx_word' id='word_1_193' title='bbox 658 2303 741 2365; x_wconf 83' lang='lat' dir='ltr'><strong>autlit</strong></span> <span class='ocrx_word' id='word_1_194' title='bbox 751 2295 870 2380; x_wconf 68' lang='lat' dir='ltr'><strong>iotario</strong></span> <span class='ocrx_word' id='word_1_195' title='bbox 882 2292 1021 2385; x_wconf 73' lang='grc' dir='ltr'><strong>ἐνόρχης,</strong></span> <span class='ocrx_word' id='word_1_196' title='bbox 1038 2293 1351 2384; x_wconf 68' lang='lat' dir='ltr'><strong>urpmieieorsoorsi-</strong></span> 
     </span>
     <span class='ocr_line' id='line_1_23' title="bbox 129 2389 1350 2471; baseline 0.002 -20"><span class='ocrx_word' id='word_1_197' title='bbox 129 2408 214 2468; x_wconf 61' lang='lat' dir='ltr'><strong>moe,</strong></span> <span class='ocrx_word' id='word_1_198' title='bbox 238 2392 292 2451; x_wconf 81' lang='lat' dir='ltr'><strong>sed</strong></span> <span class='ocrx_word' id='word_1_199' title='bbox 307 2391 447 2471; x_wconf 81' lang='lat' dir='ltr'><strong>etipsius</strong></span> <span class='ocrx_word' id='word_1_200' title='bbox 464 2393 635 2453; x_wconf 81' lang='lat' dir='ltr'><strong>sacerdotes</strong></span> <span class='ocrx_word' id='word_1_201' title='bbox 651 2389 824 2470; x_wconf 61' lang='lat' dir='ltr'><strong>pinumque</strong></span> <span class='ocrx_word' id='word_1_202' title='bbox 838 2400 925 2453; x_wconf 76' lang='lat' dir='ltr'><strong>mant</strong></span> <span class='ocrx_word' id='word_1_203' title='bbox 935 2391 1082 2467; x_wconf 76' lang='lat' dir='ltr'><strong>semime,</strong></span> <span class='ocrx_word' id='word_1_204' title='bbox 1101 2390 1218 2471; x_wconf 70' lang='lat' dir='ltr'><strong>jemai)</strong></span> <span class='ocrx_word' id='word_1_205' title='bbox 1231 2390 1350 2454; x_wconf 74' lang='lat' dir='ltr'><strong>imanis</strong></span> 
     </span>
     <span class='ocr_line' id='line_1_24' title="bbox 128 2476 1350 2560; baseline 0.003 -22"><span class='ocrx_word' id='word_1_206' title='bbox 128 2476 310 2552; x_wconf 74' lang='lat' dir='ltr'><strong>Maenades,</strong></span> <span class='ocrx_word' id='word_1_207' title='bbox 336 2477 507 2560; x_wconf 81' lang='lat' dir='ltr'><strong>abirnpetu</strong></span> <span class='ocrx_word' id='word_1_208' title='bbox 530 2477 679 2540; x_wconf 72' lang='lat' dir='ltr'><strong>et1inrure</strong></span> <span class='ocrx_word' id='word_1_209' title='bbox 696 2479 858 2559; x_wconf 70' lang='lat' dir='ltr'><strong>Thyades,</strong></span> <span class='ocrx_word' id='word_1_210' title='bbox 875 2498 902 2549; x_wconf 82' lang='lat' dir='ltr'><strong>¹a</strong></span> <span class='ocrx_word' id='word_1_211' title='bbox 924 2498 1035 2539; x_wconf 84' lang='lat' dir='ltr'><strong>morum</strong></span> <span class='ocrx_word' id='word_1_212' title='bbox 1053 2477 1196 2557; x_wconf 64' lang='lat' dir='ltr'><strong>maiae</strong></span> <span class='ocrx_word' id='word_1_213' title='bbox 1212 2478 1350 2542; x_wconf 78' lang='lat' dir='ltr'><strong>Bacchas</strong></span> 
     </span>
     <span class='ocr_line' id='line_1_25' title="bbox 129 2562 1350 2656; baseline 0.003 -32"><span class='ocrx_word' id='word_1_214' title='bbox 129 2562 315 2645; x_wconf 66' lang='lat' dir='ltr'><strong>appellatam</strong></span> <span class='ocrx_word' id='word_1_215' title='bbox 331 2565 383 2628; x_wconf 87' lang='lat' dir='ltr'><strong>Ne</strong></span> <span class='ocrx_word' id='word_1_216' title='bbox 393 2565 493 2647; x_wconf 85' lang='lat' dir='ltr'><strong>itaque</strong></span> <span class='ocrx_word' id='word_1_217' title='bbox 509 2565 816 2648; x_wconf 37' lang='lat' dir='ltr'><strong>impiarumrgsrrtium</strong></span> <span class='ocrx_word' id='word_1_218' title='bbox 830 2583 919 2656; x_wconf 79' lang='lat' dir='ltr'><strong>spera</strong></span> <span class='ocrx_word' id='word_1_219' title='bbox 932 2564 1019 2645; x_wconf 86' lang='lat' dir='ltr'><strong>plone</strong></span> <span class='ocrx_word' id='word_1_220' title='bbox 1032 2565 1350 2644; x_wconf 57' lang='lat' dir='ltr'><strong>sermomonem</strong></span> 
     </span>
     <span class='ocr_line' id='line_1_26' title="bbox 130 2649 1350 2735; baseline 0.003 -22"><span class='ocrx_word' id='word_1_221' title='bbox 130 2653 166 2714; x_wconf 70' lang='lat' dir='ltr'><strong>ie</strong></span> <span class='ocrx_word' id='word_1_222' title='bbox 187 2651 363 2732; x_wconf 67' lang='lat' dir='ltr'><strong>quibudam</strong></span> <span class='ocrx_word' id='word_1_223' title='bbox 384 2653 495 2721; x_wconf 79' lang='lat' dir='ltr'><strong>ritibus</strong></span> <span class='ocrx_word' id='word_1_224' title='bbox 521 2651 686 2735; x_wconf 70' lang='lat' dir='ltr'><strong>loquimur,</strong></span> <span class='ocrx_word' id='word_1_225' title='bbox 713 2652 745 2712; x_wconf 88' lang='lat' dir='ltr'><strong>in</strong></span> <span class='ocrx_word' id='word_1_226' title='bbox 772 2649 937 2732; x_wconf 69' lang='lat' dir='ltr'><strong>promati«</strong></span> <span class='ocrx_word' id='word_1_227' title='bbox 956 2650 1167 2715; x_wconf 72' lang='lat' dir='ltr'><strong>christianismi</strong></span> <span class='ocrx_word' id='word_1_228' title='bbox 1189 2651 1350 2717; x_wconf 65' lang='lat' dir='ltr'><strong>mulum</strong></span> 
     </span>
    </p>
   </div>
   <div class='ocr_carea' id='block_1_6' title="bbox 130 2737 1472 2821">
    <p class='ocr_par' dir='ltr' id='par_1_6' title="bbox 130 2737 1472 2821">
     <span class='ocr_line' id='line_1_27' title="bbox 130 2737 1472 2821; baseline 0.002 -21"><span class='ocrx_word' id='word_1_229' title='bbox 130 2738 303 2821; x_wconf 74' lang='lat' dir='ltr'><strong>riderentuu</strong></span> <span class='ocrx_word' id='word_1_230' title='bbox 316 2748 347 2802; x_wconf 89' lang='lat' dir='ltr'><strong>ct</strong></span> <span class='ocrx_word' id='word_1_231' title='bbox 357 2741 611 2811; x_wconf 63' lang='grc' dir='ltr'><strong>ἧιησωὲιειοιοω</strong></span> <span class='ocrx_word' id='word_1_232' title='bbox 621 2737 779 2802; x_wconf 73' lang='lat' dir='ltr'><strong>cacillanii</strong></span> <span class='ocrx_word' id='word_1_233' title='bbox 789 2738 1225 2816; x_wconf 58' lang='lat' dir='ltr'><strong>ethtessnbnieisooteetp</strong></span> <span class='ocrx_word' id='word_1_234' title='bbox 1238 2738 1353 2803; x_wconf 56' lang='lat' dir='ltr'><strong>masa</strong></span> <span class='ocrx_word' id='word_1_235' title='bbox 1467 2752 1472 2761; x_wconf 86' lang='lat'>&#39;</span> 
     </span>
    </p>
   </div>
   <div class='ocr_carea' id='block_1_7' title="bbox 18 2826 1350 2993">
    <p class='ocr_par' dir='ltr' id='par_1_7' title="bbox 18 2826 1350 2993">
     <span class='ocr_line' id='line_1_28' title="bbox 18 2826 1350 2915; baseline 0.003 -28"><span class='ocrx_word' id='word_1_236' title='bbox 18 2850 23 2861; x_wconf 85' lang='grc'><em>·</em></span> <span class='ocrx_word' id='word_1_237' title='bbox 129 2833 200 2887; x_wconf 85' lang='lat' dir='ltr'><strong>runt</strong></span> <span class='ocrx_word' id='word_1_238' title='bbox 218 2826 369 2895; x_wconf 63' lang='lat' dir='ltr'><strong>inritassis·¹</strong></span> <span class='ocrx_word' id='word_1_239' title='bbox 377 2829 442 2890; x_wconf 72' lang='lat' dir='ltr'><strong>has</strong></span> <span class='ocrx_word' id='word_1_240' title='bbox 450 2829 662 2892; x_wconf 74' lang='lat' dir='ltr'><strong>commotiones</strong></span> <span class='ocrx_word' id='word_1_241' title='bbox 685 2827 827 2909; x_wconf 81' lang='lat' dir='ltr'><strong>eorporis</strong></span> <span class='ocrx_word' id='word_1_242' title='bbox 841 2826 1084 2915; x_wconf 68' lang='lat' dir='ltr'><strong>inlinerprecnrn</strong></span> <span class='ocrx_word' id='word_1_243' title='bbox 1098 2828 1350 2907; x_wconf 80' lang='lat' dir='ltr'><strong>pendentisera-</strong></span> 
     </span>
     <span class='ocr_line' id='line_1_29' title="bbox 119 2924 1327 2993; baseline 0.002 -17"><span class='ocrx_word' id='word_1_244' title='bbox 119 2924 219 2993; x_wconf 59' lang='lat' dir='ltr'><strong>,tores</strong></span> <span class='ocrx_word' id='word_1_245' title='bbox 1324 2946 1327 2953; x_wconf 46' lang='grc'><strong>“</strong></span> 
     </span>
    </p>
   </div>
   <div class='ocr_carea' id='block_1_8' title="bbox 130 3033 1351 3556">
    <p class='ocr_par' dir='ltr' id='par_1_8' title="bbox 130 3033 1351 3556">
     <span class='ocr_line' id='line_1_30' title="bbox 217 3033 1350 3119; baseline -0.003 -20"><span class='ocrx_word' id='word_1_246' title='bbox 217 3033 244 3119; x_wconf 83' lang='lat'><strong>§.</strong></span> <span class='ocrx_word' id='word_1_247' title='bbox 262 3036 315 3099; x_wconf 84' lang='lat'><strong>22.</strong></span> <span class='ocrx_word' id='word_1_248' title='bbox 354 3036 476 3102; x_wconf 83' lang='lat' dir='ltr'><strong>Veteres</strong></span> <span class='ocrx_word' id='word_1_249' title='bbox 492 3057 565 3099; x_wconf 92' lang='lat' dir='ltr'><strong>sane</strong></span> <span class='ocrx_word' id='word_1_250' title='bbox 588 3035 706 3118; x_wconf 85' lang='lat' dir='ltr'><strong>qnidam</strong></span> <span class='ocrx_word' id='word_1_251' title='bbox 722 3035 880 3113; x_wconf 87' lang='lat' dir='ltr'><strong>haeretici,</strong></span> <span class='ocrx_word' id='word_1_252' title='bbox 904 3035 946 3096; x_wconf 91' lang='lat' dir='ltr'><strong>nti</strong></span> <span class='ocrx_word' id='word_1_253' title='bbox 973 3034 1179 3097; x_wconf 87' lang='lat' dir='ltr'><strong>christianismi</strong></span> <span class='ocrx_word' id='word_1_254' title='bbox 1197 3044 1226 3097; x_wconf 91' lang='lat' dir='ltr'><strong>et</strong></span> <span class='ocrx_word' id='word_1_255' title='bbox 1250 3035 1350 3116; x_wconf 83' lang='lat' dir='ltr'><strong>genti-</strong></span> 
     </span>
     <span class='ocr_line' id='line_1_31' title="bbox 130 3122 1349 3205; baseline 0 -21"><span class='ocrx_word' id='word_1_256' title='bbox 130 3122 208 3185; x_wconf 88' lang='lat' dir='ltr'><strong>lismi</strong></span> <span class='ocrx_word' id='word_1_257' title='bbox 226 3126 364 3205; x_wconf 86' lang='lat' dir='ltr'><strong>dogmata</strong></span> <span class='ocrx_word' id='word_1_258' title='bbox 381 3125 553 3200; x_wconf 84' lang='lat' dir='ltr'><strong>miscebant,</strong></span> <span class='ocrx_word' id='word_1_259' title='bbox 570 3124 611 3185; x_wconf 90' lang='lat' dir='ltr'><strong>ita</strong></span> <span class='ocrx_word' id='word_1_260' title='bbox 626 3125 715 3205; x_wconf 90' lang='lat' dir='ltr'><strong>hujus</strong></span> <span class='ocrx_word' id='word_1_261' title='bbox 732 3124 806 3185; x_wconf 90' lang='lat' dir='ltr'><strong>ritus</strong></span> <span class='ocrx_word' id='word_1_262' title='bbox 823 3142 908 3185; x_wconf 90' lang='lat' dir='ltr'><strong>sacra</strong></span> <span class='ocrx_word' id='word_1_263' title='bbox 923 3122 1096 3205; x_wconf 84' lang='lat' dir='ltr'><strong>saepissime</strong></span> <span class='ocrx_word' id='word_1_264' title='bbox 1112 3125 1267 3185; x_wconf 85' lang='lat' dir='ltr'><strong>sumebant</strong></span> <span class='ocrx_word' id='word_1_265' title='bbox 1283 3144 1349 3184; x_wconf 83' lang='lat' dir='ltr'><strong>nru-</strong></span> 
     </span>
     <span class='ocr_line' id='line_1_32' title="bbox 130 3210 1350 3293; baseline 0 -21"><span class='ocrx_word' id='word_1_266' title='bbox 130 3220 189 3273; x_wconf 85' lang='lat' dir='ltr'><strong>tuo.</strong></span> <span class='ocrx_word' id='word_1_267' title='bbox 222 3211 373 3287; x_wconf 79' lang='lat' dir='ltr'><strong>Gnostici,</strong></span> <span class='ocrx_word' id='word_1_268' title='bbox 389 3211 433 3272; x_wconf 91' lang='lat' dir='ltr'><strong>uti</strong></span> <span class='ocrx_word' id='word_1_269' title='bbox 450 3211 637 3293; x_wconf 81' lang='lat' dir='ltr'><strong>Epiphanius</strong></span> <span class='ocrx_word' id='word_1_270' title='bbox 656 3210 781 3290; x_wconf 87' lang='lat' dir='ltr'><strong>deipsis</strong></span> <span class='ocrx_word' id='word_1_271' title='bbox 798 3210 899 3289; x_wconf 82' lang='lat' dir='ltr'><strong>refert,</strong></span> <span class='ocrx_word' id='word_1_272' title='bbox 915 3210 1041 3271; x_wconf 86' lang='lat' dir='ltr'><strong>Haeces.</strong></span> <span class='ocrx_word' id='word_1_273' title='bbox 1055 3210 1107 3272; x_wconf 84' lang='grc'><strong>26.</strong></span> <span class='ocrx_word' id='word_1_274' title='bbox 1125 3231 1249 3271; x_wconf 86' lang='lat' dir='ltr'><strong>uxorum</strong></span> <span class='ocrx_word' id='word_1_275' title='bbox 1268 3231 1350 3272; x_wconf 87' lang='lat' dir='ltr'><strong>eom·</strong></span> 
     </span>
     <span class='ocr_line' id='line_1_33' title="bbox 133 3296 1351 3380; baseline -0.002 -21"><span class='ocrx_word' id='word_1_276' title='bbox 133 3297 279 3378; x_wconf 88' lang='lat' dir='ltr'><strong>munione,</strong></span> <span class='ocrx_word' id='word_1_277' title='bbox 296 3300 446 3380; x_wconf 82' lang='lat' dir='ltr'><strong>impudica</strong></span> <span class='ocrx_word' id='word_1_278' title='bbox 459 3300 617 3377; x_wconf 67' lang='lat' dir='ltr'><strong>earundem</strong></span> <span class='ocrx_word' id='word_1_279' title='bbox 629 3297 869 3375; x_wconf 74' lang='lat' dir='ltr'><strong>contrectatione,</strong></span> <span class='ocrx_word' id='word_1_280' title='bbox 886 3296 1129 3369; x_wconf 70' lang='lat' dir='ltr'><strong>commessatione</strong></span> <span class='ocrx_word' id='word_1_281' title='bbox 1146 3296 1241 3378; x_wconf 82' lang='lat' dir='ltr'><strong>larga,</strong></span> <span class='ocrx_word' id='word_1_282' title='bbox 1257 3297 1351 3360; x_wconf 91' lang='lat' dir='ltr'><strong>salta-</strong></span> 
     </span>
     <span class='ocr_line' id='line_1_34' title="bbox 132 3383 1350 3469; baseline -0.001 -21"><span class='ocrx_word' id='word_1_283' title='bbox 132 3385 209 3448; x_wconf 87' lang='lat' dir='ltr'><strong>tione</strong></span> <span class='ocrx_word' id='word_1_284' title='bbox 232 3398 319 3469; x_wconf 91' lang='lat' dir='ltr'><strong>atque</strong></span> <span class='ocrx_word' id='word_1_285' title='bbox 343 3386 411 3449; x_wconf 85' lang='lat' dir='ltr'><strong>inrle</strong></span> <span class='ocrx_word' id='word_1_286' title='bbox 433 3387 547 3448; x_wconf 84' lang='lat' dir='ltr'><strong>furiosa</strong></span> <span class='ocrx_word' id='word_1_287' title='bbox 572 3394 600 3446; x_wconf 92' lang='lat' dir='ltr'><strong>et</strong></span> <span class='ocrx_word' id='word_1_288' title='bbox 620 3397 787 3448; x_wconf 90' lang='lat' dir='ltr'><strong>monstrosa</strong></span> <span class='ocrx_word' id='word_1_289' title='bbox 804 3406 911 3447; x_wconf 83' lang='lat' dir='ltr'><strong>uenere</strong></span> <span class='ocrx_word' id='word_1_290' title='bbox 934 3394 1071 3466; x_wconf 88' lang='lat' dir='ltr'><strong>tanquam</strong></span> <span class='ocrx_word' id='word_1_291' title='bbox 1098 3383 1252 3465; x_wconf 78' lang='lat' dir='ltr'><strong>religionis</strong></span> <span class='ocrx_word' id='word_1_292' title='bbox 1277 3406 1350 3448; x_wconf 86' lang='lat' dir='ltr'><strong>suae</strong></span> 
     </span>
     <span class='ocr_line' id='line_1_35' title="bbox 132 3470 1351 3556; baseline 0.001 -21"><span class='ocrx_word' id='word_1_293' title='bbox 132 3475 270 3554; x_wconf 83' lang='lat' dir='ltr'><strong>symbolis</strong></span> <span class='ocrx_word' id='word_1_294' title='bbox 288 3475 454 3538; x_wconf 86' lang='lat' dir='ltr'><strong>utebantur.</strong></span> <span class='ocrx_word' id='word_1_295' title='bbox 486 3473 561 3550; x_wconf 80' lang='lat' dir='ltr'><strong>Alii,</strong></span> <span class='ocrx_word' id='word_1_296' title='bbox 578 3495 652 3556; x_wconf 88' lang='lat' dir='ltr'><strong>qnos</strong></span> <span class='ocrx_word' id='word_1_297' title='bbox 670 3474 817 3537; x_wconf 83' lang='lat' dir='ltr'><strong>Erehetas</strong></span> <span class='ocrx_word' id='word_1_298' title='bbox 834 3470 1029 3554; x_wconf 86' lang='lat' dir='ltr'><strong>appellarunt,</strong></span> <span class='ocrx_word' id='word_1_299' title='bbox 1048 3473 1165 3534; x_wconf 82' lang='lat' dir='ltr'><strong>vitaturi</strong></span> <span class='ocrx_word' id='word_1_300' title='bbox 1182 3473 1351 3547; x_wconf 76' lang='lat' dir='ltr'><strong>basanitis,</strong></span> 
     </span>
    </p>
   </div>
   <div class='ocr_carea' id='block_1_9' title="bbox 9 3560 1350 3640">
    <p class='ocr_par' dir='ltr' id='par_1_9' title="bbox 9 3560 1350 3640">
     <span class='ocr_line' id='line_1_36' title="bbox 9 3560 1350 3640; baseline 0.002 -19"><span class='ocrx_word' id='word_1_301' title='bbox 9 3578 10 3581; x_wconf 71' lang='grc'>’</span> <span class='ocrx_word' id='word_1_302' title='bbox 132 3565 289 3623; x_wconf 90' lang='lat' dir='ltr'><strong>currebant</strong></span> <span class='ocrx_word' id='word_1_303' title='bbox 303 3562 335 3622; x_wconf 91' lang='lat' dir='ltr'><strong>in</strong></span> <span class='ocrx_word' id='word_1_304' title='bbox 353 3561 508 3640; x_wconf 88' lang='lat' dir='ltr'><strong>contraria,</strong></span> <span class='ocrx_word' id='word_1_305' title='bbox 526 3563 593 3623; x_wconf 84' lang='lat' dir='ltr'><strong>dum</strong></span> <span class='ocrx_word' id='word_1_306' title='bbox 610 3561 708 3639; x_wconf 85' lang='lat' dir='ltr'><strong>nimio,</strong></span> <span class='ocrx_word' id='word_1_307' title='bbox 724 3561 780 3623; x_wconf 92' lang='lat' dir='ltr'><strong>hoc</strong></span> <span class='ocrx_word' id='word_1_308' title='bbox 792 3569 847 3639; x_wconf 87' lang='lat' dir='ltr'><strong>cst,</strong></span> <span class='ocrx_word' id='word_1_309' title='bbox 862 3561 968 3622; x_wconf 81' lang='lat' dir='ltr'><strong>vitioso</strong></span> <span class='ocrx_word' id='word_1_310' title='bbox 982 3561 1086 3622; x_wconf 85' lang='lat' dir='ltr'><strong>orandi</strong></span> <span class='ocrx_word' id='word_1_311' title='bbox 1102 3560 1200 3623; x_wconf 85' lang='lat' dir='ltr'><strong>studio</strong></span> <span class='ocrx_word' id='word_1_312' title='bbox 1217 3561 1247 3622; x_wconf 90' lang='lat' dir='ltr'><strong>io</strong></span> <span class='ocrx_word' id='word_1_313' title='bbox 1264 3561 1350 3624; x_wconf 87' lang='lat' dir='ltr'><strong>iuro-</strong></span> 
     </span>
    </p>
   </div>
   <div class='ocr_carea' id='block_1_10' title="bbox 131 3646 1349 3730">
    <p class='ocr_par' dir='ltr' id='par_1_10' title="bbox 131 3646 1349 3730">
     <span class='ocr_line' id='line_1_37' title="bbox 131 3646 1349 3730; baseline 0.002 -22"><span class='ocrx_word' id='word_1_314' title='bbox 131 3654 192 3710; x_wconf 74' lang='lat' dir='ltr'><strong>r‘cm</strong></span> <span class='ocrx_word' id='word_1_315' title='bbox 209 3652 373 3729; x_wconf 78' lang='lat' dir='ltr'><strong>agebantur</strong></span> <span class='ocrx_word' id='word_1_316' title='bbox 390 3658 419 3711; x_wconf 92' lang='lat' dir='ltr'><strong>et</strong></span> <span class='ocrx_word' id='word_1_317' title='bbox 435 3670 471 3712; x_wconf 91' lang='lat' dir='ltr'><strong>ca</strong></span> <span class='ocrx_word' id='word_1_318' title='bbox 487 3651 634 3726; x_wconf 86' lang='lat' dir='ltr'><strong>absurda,</strong></span> <span class='ocrx_word' id='word_1_319' title='bbox 663 3670 739 3730; x_wconf 89' lang='lat' dir='ltr'><strong>quae</strong></span> <span class='ocrx_word' id='word_1_320' title='bbox 755 3668 840 3709; x_wconf 90' lang='lat' dir='ltr'><strong>nemo</strong></span> <span class='ocrx_word' id='word_1_321' title='bbox 858 3646 905 3711; x_wconf 83' lang='lat' dir='ltr'><strong>rel</strong></span> <span class='ocrx_word' id='word_1_322' title='bbox 921 3648 1036 3730; x_wconf 90' lang='lat' dir='ltr'><strong>piorum</strong></span> <span class='ocrx_word' id='word_1_323' title='bbox 1054 3648 1101 3710; x_wconf 86' lang='lat' dir='ltr'><strong>rel</strong></span> <span class='ocrx_word' id='word_1_324' title='bbox 1119 3651 1284 3729; x_wconf 88' lang='lat' dir='ltr'><strong>sapientum</strong></span> <span class='ocrx_word' id='word_1_325' title='bbox 1301 3650 1349 3712; x_wconf 83' lang='lat' dir='ltr'><strong>ri-</strong></span> 
     </span>
    </p>
   </div>
   <div class='ocr_carea' id='block_1_11' title="bbox 132 3714 1566 3817">
    <p class='ocr_par' dir='ltr' id='par_1_11' title="bbox 132 3714 1566 3817">
     <span class='ocr_line' id='line_1_38' title="bbox 132 3714 1566 3817; baseline 0.003 -21"><span class='ocrx_word' id='word_1_326' title='bbox 132 3735 225 3797; x_wconf 81' lang='lat' dir='ltr'><strong>‹lisset</strong></span> <span class='ocrx_word' id='word_1_327' title='bbox 242 3757 294 3817; x_wconf 91' lang='lat' dir='ltr'><strong>per</strong></span> <span class='ocrx_word' id='word_1_328' title='bbox 320 3736 444 3799; x_wconf 89' lang='lat' dir='ltr'><strong>somnia.</strong></span> <span class='ocrx_word' id='word_1_329' title='bbox 483 3736 611 3800; x_wconf 87' lang='lat' dir='ltr'><strong>Etenim·</strong></span> <span class='ocrx_word' id='word_1_330' title='bbox 623 3737 649 3798; x_wconf 92' lang='lat' dir='ltr'><strong>si</strong></span> <span class='ocrx_word' id='word_1_331' title='bbox 668 3737 854 3799; x_wconf 84' lang='lat' dir='ltr'><strong>Theodoreto</strong></span> <span class='ocrx_word' id='word_1_332' title='bbox 879 3734 952 3805; x_wconf 88' lang='lat' dir='ltr'><strong>lidos</strong></span> <span class='ocrx_word' id='word_1_333' title='bbox 969 3744 1082 3800; x_wconf 83' lang='lat' dir='ltr'><strong>Horret.</strong></span> <span class='ocrx_word' id='word_1_334' title='bbox 1097 3739 1188 3813; x_wconf 70' lang='lat' dir='ltr'><strong>sobril.</strong></span> <span class='ocrx_word' id='word_1_335' title='bbox 1212 3736 1232 3798; x_wconf 86' lang='lat' dir='ltr'><strong>l.</strong></span> <span class='ocrx_word' id='word_1_336' title='bbox 1249 3736 1297 3801; x_wconf 89' lang='lat' dir='ltr'><strong>lll.</strong></span> <span class='ocrx_word' id='word_1_337' title='bbox 1323 3747 1351 3800; x_wconf 88' lang='lat' dir='ltr'><strong>et</strong></span> <span class='ocrx_word' id='word_1_338' title='bbox 1470 3736 1472 3741; x_wconf 75' lang='grc'><strong>’</strong></span> <span class='ocrx_word' id='word_1_339' title='bbox 1565 3714 1566 3721; x_wconf 20' lang='lat'>¹</span> 
     </span>
    </p>
   </div>
   <div class='ocr_carea' id='block_1_12' title="bbox 131 3823 1350 4435">
    <p class='ocr_par' dir='ltr' id='par_1_12' title="bbox 131 3823 1350 4435">
     <span class='ocr_line' id='line_1_39' title="bbox 131 3823 1349 3906; baseline 0 -19"><span class='ocrx_word' id='word_1_340' title='bbox 131 3823 298 3905; x_wconf 72' lang='lat' dir='ltr'><strong>Augustino</strong></span> <span class='ocrx_word' id='word_1_341' title='bbox 316 3826 354 3886; x_wconf 85' lang='lat' dir='ltr'><strong>ad</strong></span> <span class='ocrx_word' id='word_1_342' title='bbox 373 3828 454 3900; x_wconf 78' lang='lat' dir='ltr'><strong>Qiorl</strong></span> <span class='ocrx_word' id='word_1_343' title='bbox 468 3830 527 3887; x_wconf 82' lang='lat' dir='ltr'><strong>oerlt</strong></span> <span class='ocrx_word' id='word_1_344' title='bbox 544 3833 633 3886; x_wconf 79' lang='lat' dir='ltr'><strong>verene</strong></span> <span class='ocrx_word' id='word_1_345' title='bbox 649 3846 675 3888; x_wconf 90' lang='lat' dir='ltr'><strong>o.</strong></span> <span class='ocrx_word' id='word_1_346' title='bbox 693 3825 744 3888; x_wconf 80' lang='lat'><strong>57.</strong></span> <span class='ocrx_word' id='word_1_347' title='bbox 763 3825 945 3901; x_wconf 87' lang='lat' dir='ltr'><strong>statuebant,</strong></span> <span class='ocrx_word' id='word_1_348' title='bbox 968 3825 1064 3887; x_wconf 89' lang='lat' dir='ltr'><strong>Deum</strong></span> <span class='ocrx_word' id='word_1_349' title='bbox 1083 3844 1254 3906; x_wconf 89' lang='lat' dir='ltr'><strong>corporeum</strong></span> <span class='ocrx_word' id='word_1_350' title='bbox 1272 3845 1349 3904; x_wconf 88' lang='lat' dir='ltr'><strong>esse,</strong></span> 
     </span>
     <span class='ocr_line' id='line_1_40' title="bbox 134 3910 1349 3995; baseline 0.001 -20"><span class='ocrx_word' id='word_1_351' title='bbox 134 3933 218 3995; x_wconf 85' lang='lat' dir='ltr'><strong>quern</strong></span> <span class='ocrx_word' id='word_1_352' title='bbox 244 3911 275 3974; x_wconf 94' lang='lat' dir='ltr'><strong>in</strong></span> <span class='ocrx_word' id='word_1_353' title='bbox 301 3910 410 3995; x_wconf 90' lang='lat' dir='ltr'><strong>triplici</strong></span> <span class='ocrx_word' id='word_1_354' title='bbox 434 3932 561 3994; x_wconf 89' lang='lat' dir='ltr'><strong>persono</strong></span> <span class='ocrx_word' id='word_1_355' title='bbox 584 3911 647 3975; x_wconf 88' lang='lat' dir='ltr'><strong>suis</strong></span> <span class='ocrx_word' id='word_1_356' title='bbox 672 3921 855 3994; x_wconf 87' lang='lat' dir='ltr'><strong>praesentem</strong></span> <span class='ocrx_word' id='word_1_357' title='bbox 878 3912 1016 3995; x_wconf 90' lang='lat' dir='ltr'><strong>precibus</strong></span> <span class='ocrx_word' id='word_1_358' title='bbox 1042 3922 1219 3994; x_wconf 84' lang='lat' dir='ltr'><strong>usurparent</strong></span> <span class='ocrx_word' id='word_1_359' title='bbox 1244 3912 1349 3992; x_wconf 90' lang='lat' dir='ltr'><strong>oculis,</strong></span> 
     </span>
     <span class='ocr_line' id='line_1_41' title="bbox 133 3994 1350 4083; baseline 0.002 -21"><span class='ocrx_word' id='word_1_360' title='bbox 133 3994 369 4082; x_wconf 87' lang='lat' dir='ltr'><strong>seque-Spiritus</strong></span> <span class='ocrx_word' id='word_1_361' title='bbox 385 4000 418 4065; x_wconf 85' lang='lat' dir='ltr'><strong>S.</strong></span> <span class='ocrx_word' id='word_1_362' title='bbox 435 4002 589 4064; x_wconf 84' lang='lat' dir='ltr'><strong>adrentum</strong></span> <span class='ocrx_word' id='word_1_363' title='bbox 614 4021 705 4063; x_wconf 90' lang='lat' dir='ltr'><strong>sensu</strong></span> <span class='ocrx_word' id='word_1_364' title='bbox 732 4000 882 4083; x_wconf 88' lang='lat' dir='ltr'><strong>percipere</strong></span> <span class='ocrx_word' id='word_1_365' title='bbox 907 4002 963 4063; x_wconf 89' lang='lat' dir='ltr'><strong>snb</strong></span> <span class='ocrx_word' id='word_1_366' title='bbox 992 3999 1121 4062; x_wconf 83' lang='lat' dir='ltr'><strong>risibilis</strong></span> <span class='ocrx_word' id='word_1_367' title='bbox 1145 3999 1224 4080; x_wconf 83' lang='lat' dir='ltr'><strong>ignis</strong></span> <span class='ocrx_word' id='word_1_368' title='bbox 1240 4001 1350 4082; x_wconf 89' lang='lat' dir='ltr'><strong>specie,</strong></span> 
     </span>
     <span class='ocr_line' id='line_1_42' title="bbox 134 4085 1350 4170; baseline 0 -20"><span class='ocrx_word' id='word_1_369' title='bbox 134 4087 372 4170; x_wconf 85' lang='lat' dir='ltr'><strong>quemadmodum</strong></span> <span class='ocrx_word' id='word_1_370' title='bbox 406 4109 557 4170; x_wconf 80' lang='lat' dir='ltr'><strong>egressam</strong></span> <span class='ocrx_word' id='word_1_371' title='bbox 583 4088 740 4170; x_wconf 89' lang='lat' dir='ltr'><strong>impictatis</strong></span> <span class='ocrx_word' id='word_1_372' title='bbox 764 4090 821 4150; x_wconf 88' lang='lat' dir='ltr'><strong>sub</strong></span> <span class='ocrx_word' id='word_1_373' title='bbox 845 4088 908 4151; x_wconf 87' lang='lat' dir='ltr'><strong>suis</strong></span> <span class='ocrx_word' id='word_1_374' title='bbox 942 4107 1007 4149; x_wconf 89' lang='lat' dir='ltr'><strong>curn</strong></span> <span class='ocrx_word' id='word_1_375' title='bbox 1041 4085 1181 4169; x_wconf 90' lang='lat' dir='ltr'><strong>porcellis</strong></span> <span class='ocrx_word' id='word_1_376' title='bbox 1215 4090 1350 4152; x_wconf 88' lang='lat' dir='ltr'><strong>exeuntis</strong></span> 
     </span>
     <span class='ocr_line' id='line_1_43' title="bbox 132 4174 1350 4259; baseline 0.002 -22"><span class='ocrx_word' id='word_1_377' title='bbox 132 4176 235 4255; x_wconf 85' lang='lat' dir='ltr'><strong>ligura.</strong></span> <span class='ocrx_word' id='word_1_378' title='bbox 278 4175 391 4240; x_wconf 83' lang='lat' dir='ltr'><strong>Horum</strong></span> <span class='ocrx_word' id='word_1_379' title='bbox 415 4177 514 4259; x_wconf 82' lang='lat' dir='ltr'><strong>itaque</strong></span> <span class='ocrx_word' id='word_1_380' title='bbox 545 4177 718 4254; x_wconf 82' lang='lat' dir='ltr'><strong>occasione,</strong></span> <span class='ocrx_word' id='word_1_381' title='bbox 744 4176 764 4237; x_wconf 86' lang='lat' dir='ltr'><strong>fi</strong></span> <span class='ocrx_word' id='word_1_382' title='bbox 788 4174 1020 4238; x_wconf 85' lang='lat' dir='ltr'><strong>Hildebrandnrn</strong></span> <span class='ocrx_word' id='word_1_383' title='bbox 1051 4179 1088 4238; x_wconf 88' lang='lat' dir='ltr'><strong>de</strong></span> <span class='ocrx_word' id='word_1_384' title='bbox 1111 4176 1215 4243; x_wconf 87' lang='lat' dir='ltr'><strong>Prece.</strong></span> <span class='ocrx_word' id='word_1_385' title='bbox 1239 4176 1350 4239; x_wconf 83' lang='lat' dir='ltr'><strong>Christ.</strong></span> 
     </span>
     <span class='ocr_line' id='line_1_44' title="bbox 134 4262 1349 4346; baseline 0.001 -20"><span class='ocrx_word' id='word_1_386' title='bbox 134 4263 286 4341; x_wconf 81' lang='lat' dir='ltr'><strong>exaudias,</strong></span> <span class='ocrx_word' id='word_1_387' title='bbox 312 4264 467 4331; x_wconf 81' lang='lat' dir='ltr'><strong>subsultus</strong></span> <span class='ocrx_word' id='word_1_388' title='bbox 490 4266 671 4346; x_wconf 87' lang='lat' dir='ltr'><strong>precantium</strong></span> <span class='ocrx_word' id='word_1_389' title='bbox 689 4267 744 4327; x_wconf 92' lang='lat' dir='ltr'><strong>snb</strong></span> <span class='ocrx_word' id='word_1_390' title='bbox 761 4262 848 4327; x_wconf 88' lang='lat' dir='ltr'><strong>linem</strong></span> <span class='ocrx_word' id='word_1_391' title='bbox 865 4263 921 4326; x_wconf 91' lang='lat' dir='ltr'><strong>cito</strong></span> <span class='ocrx_word' id='word_1_392' title='bbox 937 4263 968 4324; x_wconf 93' lang='lat' dir='ltr'><strong>in</strong></span> <span class='ocrx_word' id='word_1_393' title='bbox 986 4265 1111 4327; x_wconf 88' lang='lat' dir='ltr'><strong>abusum</strong></span> <span class='ocrx_word' id='word_1_394' title='bbox 1128 4264 1283 4327; x_wconf 85' lang='lat' dir='ltr'><strong>transiisse</strong></span> <span class='ocrx_word' id='word_1_395' title='bbox 1300 4264 1349 4327; x_wconf 86' lang='lat' dir='ltr'><strong>ri·</strong></span> 
     </span>
     <span class='ocr_line' id='line_1_45' title="bbox 133 4350 1344 4435; baseline 0.002 -23"><span class='ocrx_word' id='word_1_396' title='bbox 133 4353 230 4429; x_wconf 78' lang='lat' dir='ltr'><strong>rietur,</strong></span> <span class='ocrx_word' id='word_1_397' title='bbox 258 4353 326 4414; x_wconf 80' lang='lat' dir='ltr'><strong>dnm</strong></span> <span class='ocrx_word' id='word_1_398' title='bbox 342 4353 419 4416; x_wconf 88' lang='lat' dir='ltr'><strong>inter</strong></span> <span class='ocrx_word' id='word_1_399' title='bbox 435 4352 510 4416; x_wconf 88' lang='lat' dir='ltr'><strong>alios</strong></span> <span class='ocrx_word' id='word_1_400' title='bbox 526 4352 670 4416; x_wconf 80' lang='lat' dir='ltr'><strong>fanaticos</strong></span> <span class='ocrx_word' id='word_1_401' title='bbox 687 4353 788 4415; x_wconf 86' lang='lat' dir='ltr'><strong>orandi</strong></span> <span class='ocrx_word' id='word_1_402' title='bbox 812 4373 908 4415; x_wconf 89' lang='lat' dir='ltr'><strong>mores</strong></span> <span class='ocrx_word' id='word_1_403' title='bbox 932 4350 1005 4414; x_wconf 91' lang='lat' dir='ltr'><strong>mire</strong></span> <span class='ocrx_word' id='word_1_404' title='bbox 1022 4350 1146 4435; x_wconf 80' lang='lat' dir='ltr'><strong>pedibus</strong></span> <span class='ocrx_word' id='word_1_405' title='bbox 1164 4351 1344 4427; x_wconf 79' lang='lat' dir='ltr'><strong>saltaverint,</strong></span> 
     </span>
    </p>
   </div>
   <div class='ocr_carea' id='block_1_13' title="bbox 9 4437 1348 4523">
    <p class='ocr_par' dir='ltr' id='par_1_13' title="bbox 9 4437 1348 4523">
     <span class='ocr_line' id='line_1_46' title="bbox 9 4437 1348 4523; baseline -0.001 -21"><span class='ocrx_word' id='word_1_406' title='bbox 9 4510 10 4515; x_wconf 9' lang='grc' dir='ltr'>η</span> <span class='ocrx_word' id='word_1_407' title='bbox 134 4437 268 4521; x_wconf 60' lang='lat' dir='ltr'><strong>mancei</strong></span> <span class='ocrx_word' id='word_1_408' title='bbox 296 4458 330 4502; x_wconf 91' lang='lat' dir='ltr'><strong>se</strong></span> <span class='ocrx_word' id='word_1_409' title='bbox 347 4462 382 4505; x_wconf 87' lang='lat' dir='ltr'><strong>co</strong></span> <span class='ocrx_word' id='word_1_410' title='bbox 398 4451 494 4523; x_wconf 80' lang='lat' dir='ltr'><strong>gestu</strong></span> <span class='ocrx_word' id='word_1_411' title='bbox 504 4441 645 4505; x_wconf 83' lang='lat' dir='ltr'><strong>Satanam</strong></span> <span class='ocrx_word' id='word_1_412' title='bbox 662 4443 719 4503; x_wconf 89' lang='lat' dir='ltr'><strong>snb</strong></span> <span class='ocrx_word' id='word_1_413' title='bbox 733 4440 860 4521; x_wconf 80' lang='lat' dir='ltr'><strong>pedibus</strong></span> <span class='ocrx_word' id='word_1_414' title='bbox 877 4450 1028 4504; x_wconf 84' lang='lat' dir='ltr'><strong>conterere</strong></span> <span class='ocrx_word' id='word_1_415' title='bbox 1045 4451 1074 4505; x_wconf 93' lang='lat' dir='ltr'><strong>et</strong></span> <span class='ocrx_word' id='word_1_416' title='bbox 1090 4438 1282 4503; x_wconf 86' lang='lat' dir='ltr'><strong>daemonibus</strong></span> <span class='ocrx_word' id='word_1_417' title='bbox 1299 4441 1348 4502; x_wconf 78' lang='lat' dir='ltr'><strong>in·</strong></span> 
     </span>
    </p>
   </div>
   <div class='ocr_carea' id='block_1_14' title="bbox 9 4524 1346 4612">
    <p class='ocr_par' dir='ltr' id='par_1_14' title="bbox 9 4524 1346 4612">
     <span class='ocr_line' id='line_1_47' title="bbox 9 4524 1346 4612; baseline -0.001 -22"><span class='ocrx_word' id='word_1_418' title='bbox 9 4530 12 4573; x_wconf 79' lang='lat' dir='ltr'><strong>i</strong></span> <span class='ocrx_word' id='word_1_419' title='bbox 134 4524 252 4591; x_wconf 76' lang='lat' dir='ltr'><strong>sultare</strong></span> <span class='ocrx_word' id='word_1_420' title='bbox 281 4527 360 4593; x_wconf 87' lang='lat' dir='ltr'><strong>ilinc</strong></span> <span class='ocrx_word' id='word_1_421' title='bbox 374 4530 444 4594; x_wconf 86' lang='lat' dir='ltr'><strong>inde</strong></span> <span class='ocrx_word' id='word_1_422' title='bbox 462 4551 528 4595; x_wconf 90' lang='lat' dir='ltr'><strong>cum</strong></span> <span class='ocrx_word' id='word_1_423' title='bbox 545 4530 612 4595; x_wconf 86' lang='lat' dir='ltr'><strong>aliis</strong></span> <span class='ocrx_word' id='word_1_424' title='bbox 629 4530 705 4612; x_wconf 90' lang='lat' dir='ltr'><strong>ipsis</strong></span> <span class='ocrx_word' id='word_1_425' title='bbox 722 4530 797 4593; x_wconf 88' lang='lat' dir='ltr'><strong>baec</strong></span> <span class='ocrx_word' id='word_1_426' title='bbox 814 4529 901 4593; x_wconf 78' lang='lat' dir='ltr'><strong>ciam</strong></span> <span class='ocrx_word' id='word_1_427' title='bbox 924 4529 1061 4610; x_wconf 87' lang='lat' dir='ltr'><strong>nomina,</strong></span> <span class='ocrx_word' id='word_1_428' title='bbox 1088 4527 1197 4611; x_wconf 83' lang='lat' dir='ltr'><strong>quibus</strong></span> <span class='ocrx_word' id='word_1_429' title='bbox 1214 4526 1346 4591; x_wconf 84' lang='lat' dir='ltr'><strong>Psallia-</strong></span> 
     </span>
    </p>
   </div>
   <div class='ocr_carea' id='block_1_15' title="bbox 0 0 1593 5066">
    <p class='ocr_par' dir='ltr' id='par_1_15' title="bbox 0 0 1593 5066">
     <span class='ocr_line' id='line_1_48' title="bbox 0 0 1593 5066; baseline 0 0"><span class='ocrx_word' id='word_1_430' title='bbox 0 0 1593 5066; x_wconf 95' lang='lat' dir='ltr'><strong> </strong></span> 
     </span>
    </p>
   </div>
  </div>
 </body>
</html>
