3144 5056
790 776 866 862 Vl.

218 1015 244 1105 J
252 1015 329 1103 oh.
354 1012 583 1117 Godofr.
608 1014 820 1102 Kttruer
850 1012 986 1145 dedic
997 1012 1129 1098 natali
1140 1005 1436 1124 seruatoris).

305 1217 493 1283 Seruatoreru
505 1219 653 1301 optimum,
666 1225 707 1279 tot
717 1216 825 1280 dirime
835 1215 963 1278 oraculis
972 1216 1159 1299 promissum,
1172 1223 1213 1277 tot
1229 1214 1343 1296 piorum
1359 1214 1436 1277 rotis

203 1307 384 1386 expetitum,
396 1316 472 1369 stato
484 1316 611 1387 ternpore
625 1304 741 1368 recisse
753 1325 819 1366 curu
831 1302 904 1365 nulli
915 1303 1090 1382 dubitemus,
1101 1303 1227 1364 maxima
1237 1313 1332 1364 tamen
1344 1302 1437 1364 dubi-

218 1393 287 1454 tatio
297 1405 419 1461 mentem
429 1404 562 1473 occupat,
573 1414 657 1473 quem
669 1412 738 1472 prae
749 1390 868 1472 reliquis
878 1411 995 1468 aunum,
1012 1412 1150 1467 mensem,
1159 1391 1234 1451 diem
1246 1389 1311 1471 ejus
1320 1391 1435 1451 adren-

115 1540 122 1551 ,
218 1479 258 1539 tui
268 1480 423 1560 assignare
434 1482 604 1543 debeamus.
623 1480 689 1556 Quo
700 1478 800 1559 majori
812 1477 1048 1540 euimiutervallo
1058 1487 1158 1538 nostra
1167 1479 1292 1539 aetasab
1302 1496 1337 1538 ea
1347 1475 1437 1538 distat
1462 1466 1467 1481 ’

216 1574 321 1646 aetate,
332 1587 388 1646 qua
399 1565 566 1647 praesentia
580 1586 636 1627 sua
650 1564 762 1626 animos
778 1585 877 1625 eorum
887 1563 1069 1641 exhilaravit,
1078 1564 1127 1644 qni
1136 1562 1350 1626 ardentissimis
1368 1563 1435 1626 eius

216 1654 370 1713 adrentum
390 1651 755 1733 efflagitaruntprecibus:
773 1672 808 1712 ee
825 1650 997 1712 incertiores
1012 1670 1127 1726 sumus,
1138 1651 1169 1711 in
1181 1658 1309 1733 tempore
1321 1651 1435 1713 adveu-

217 1748 263 1799 tus
276 1738 449 1817 deliniendo,
465 1759 530 1800 cum
548 1759 602 1799 nec
618 1755 721 1801 sacrae
739 1737 840 1803 literae
858 1749 1031 1816 arguerenta
1046 1738 1131 1800 nobis
1156 1736 1343 1820 suppeditent
1358 1737 1432 1800 satis

217 1824 364 1888 evidentia
381 1847 435 1888 nec
452 1825 618 1888 testimonia
634 1834 732 1887 extent
750 1846 860 1903 eorum,
878 1846 1001 1906 quorum
1018 1824 1177 1887 auctoritas
1188 1837 1297 1887 tantum
1310 1822 1434 1900 valeret,

215 1918 248 1972 ut
264 1912 340 1973 omni
360 1935 397 1975 ex
414 1914 510 1976 auimo
527 1912 627 1975 evulso
644 1911 781 1992 scrupulo
798 1914 833 1975 de
845 1911 932 1993 plena
946 1911 1066 1992 gloriari
1079 1911 1226 1992 possimus
1238 1910 1434 1977 convictione.

216 1998 407 2062 celebramus
422 2001 521 2081 itaque
538 1999 623 2076 diem,
648 2021 732 2080 quem
761 1999 887 2061 natrrlam
907 1997 1015 2061 Christi
1032 1998 1128 2060 luisse
1151 2018 1332 2075 asseverare,
1347 1997 1432 2060 firmo

215 2086 403 2149 fundamento
414 2086 553 2166 ‹lestituti,
570 2108 628 2148 uon
641 2088 792 2148 audemus.
812 2085 952 2147 -Prnlecto
969 2083 1081 2145 si-inde
1098 2106 1115 2146 a
1132 2084 1234 2165 primis
1249 2086 1432 2166 temporibus

125 2195 129 2199 ’
216 2172 331 2233 solenni
360 2174 419 2235 ritu
442 2195 528 2237 saera
555 2172 721 2236 Serratoris
750 2171 882 2233 natalitia
904 2171 933 2231 in
962 2180 1048 2233 coetu
1073 2171 1307 2233 Christianorum*
1330 2171 1433 2236 habita

171 2318 179 2327 ,
214 2258 352 2334 luissent,
378 2259 410 2336 ii,
427 2260 534 2341 quibus
553 2263 649 2320 «tritum
668 2268 730 2320 erat
748 2278 847 2320 omues
865 2258 1002 2339 temporis
1018 2250 1213 2336 περιστάσεις
1229 2258 1364 2340 diligenti
1381 2256 1432 2321 in-

214 2341 370 2424 quisitione
393 2345 449 2405 sibi
475 2345 609 2426 cognitas
633 2346 765 2419 reddere,
793 2347 828 2406 de
855 2345 902 2407 die
930 2344 1089 2408 natiuitatis
1116 2344 1171 2426 ipsi
1201 2342 1307 2426 optimo
1324 2347 1431 2424 edocti,

212 2429 288 2491 allos
305 2451 421 2513 quoque
438 2444 517 2494 certa
535 2431 703 2512 cognitione
719 2430 897 2494 imbuissent
914 2442 942 2494 ot
955 2434 991 2494 ad
1006 2452 1102 2493 seram
1114 2453 1206 2513 usque
1219 2432 1431 2513 posteritatem,

214 2518 368 2581 traditione
386 2518 465 2583 lraud
481 2519 578 2595 dubia,
595 2540 691 2581 reram
710 2521 745 2580 dc
763 2519 809 2581 dio
827 2517 915 2582 natali
933 2519 1100 2582 Servatoris
1117 2519 1246 2581 notitiam
1264 2541 1431 2622 propagas-

213 2613 290 2669 seut.
323 2607 382 2668 Sed
400 2629 465 2669 cum
483 2605 596 2669 nullum
613 2605 718 2668 luorum
735 2611 885 2668 sacrorum
904 2608 933 2667 iu
955 2607 1055 2686 primis
1079 2605 1190 2667 seculis
1206 2607 1362 2687 uestigium
1378 2607 1431 2668 in-

211 2692 356 2767 veniatur,
374 2704 402 2753 et
418 2694 548 2773 sequenti
566 2705 660 2754 aetate
676 2692 723 2769 iis,
741 2695 790 2794 qui
808 2691 894 2755 talem
912 2691 1048 2755 cultum
1040 2693 1235 2766 instituerunt,
1252 2695 1287 2755 de
1304 2693 1351 2756 die
1369 2715 1430 2755 nou

197 2772 383 2853 constiterit,
400 2798 465 2839 cum
482 2779 531 2838 alii
548 2777 638 2839 alium
656 2779 759 2839 diem
750 2799 779 2837 ru
797 2780 854 2840 alio
874 2788 903 2840 et
926 2778 986 2840 alio
1005 2800 1104 2841 mense
1121 2779 1293 2857 divinarent,
1318 2783 1353 2842 ad
1371 2801 1431 2844 nos

213 2882 373 2962 quoque«
347 2862 445 2924 uariae
473 2862 626 2941 opiniones
648 2863 780 2943 perlatae
798 2863 1027 2924 dubitationibus
1052 2885 1112 2924 rem
1131 2867 1205 2925 adeo
1229 2865 1430 2946 implicarunt,

137 2984 145 2990 -
211 2955 244 3008 ut
265 2946 338 3010 certi
355 2948 423 3030 quid
442 2958 478 3011 et
486 2947 666 3009 determinati
685 2956 710 3008 st
713 2958 813 3009 ttuere
831 2948 916 3009 nobis
933 2950 1010 3009 baud
1028 2948 1124 3009 liceat.

298 3036 427 3097 Tantum
448 3056 517 3099 vcro
535 3033 718 3109 beneficium,
736 3036 813 3115 quod
836 3033 1015 3121 reliquorum
1031 3033 1157 3096 onmium
1174 3034 1283 3096 fontem
1298 3032 1432 3101 venera-

211 3143 284 3200 mur,
299 3143 358 3183 nou
375 3122 438 3185 sine
452 3142 565 3186 suruma
580 3122 666 3200 grati
680 3121 767 3182 animi
798 3114 1001 3185 testificatione
1026 3120 1106 3182 cultu
1123 3119 1242 3201 publico
1268 3119 1430 3226 excipien-

210 3213 278 3272 dum
296 3231 362 3273 esse
379 3232 443 3272 cum
458 3210 534 3272 iuter
551 3229 651 3272 ornnes
665 3207 834 3272 conueniret
847 3220 873 3271 et
887 3209 979 3272 dedic
997 3206 1192 3287 consulerent,
1210 3229 1267 3290 que
1285 3211 1428 3275 memoria
1452 3257 1455 3260 -

210 3295 269 3360 nati
290 3296 500 3361 Seruatoru's
473 3319 519 3379 ιιιιι
537 3295 690 3372 coleretur,
714 3317 895 3358 communem
919 3297 995 3360 fore
1009 3297 1165 3358 adsensum
1190 3296 1313 3358 obtinuit
1336 3308 1426 3359 retu-

211 3384 340 3446 stissima
357 3392 384 3447 et
401 3385 468 3446 olim
486 3395 603 3466 recepta
617 3383 733 3446 traditio
749 3384 827 3448 Vlll
845 3384 932 3447 kal.
920 3406 983 3467 Jau
998 3383 1060 3446 sire
1077 3382 1242 3444 decembris
1254 3383 1367 3447 diem
1341 3404 1481 3471 vnce-1

210 3470 314 3532 simum
332 3471 462 3552 quiritum
480 3471 645 3534 Serratoris
670 3471 778 3533 nostri
785 3471 878 3534 luisse
905 3471 1040 3534 natalem.
1063 3470 1159 3532 Cuius
1183 3469 1343 3534 sententiae
1367 3492 1425 3534 usu

164 3606 183 3614 ..
211 3560 415 3638 comprobatae
433 3556 494 3617 ori
478 3557 575 3636 „inem
602 3568 630 3620 et
647 3557 848 3641 auctoritatem
865 3569 1037 3640 argumenta
1053 3577 1180 3639 quoque,
1199 3578 1274 3638 quae
1291 3566 1352 3619 tum
1369 3580 1422 3640 pro

209 3642 261 3706 itla
277 3665 410 3725 pugnare
434 3643 575 3722 ridentur,
593 3654 653 3706 tum
669 3655 771 3708 contra
786 3667 849 3708 earu
868 3645 992 3727 proferri
1011 3644 1117 3721 solent,
1142 3644 1268 3708 breviter
1284 3665 1421 3708 enarrare

210 3734 287 3814 apud
305 3731 432 3795 animuin
447 3730 663 3795 constituimus

294 3809 486 3883 Recentiores
503 3817 619 3900 quidem
641 3818 729 3881 buius
753 3817 913 3882 sententiae
937 3818 1049 3898 patroni
1076 3812 1243 3880 diversa
1217 3839 1264 3880 ιιιι
1284 3817 1422 3880 incedunt

209 3904 238 3965 iu
265 3926 301 3967 ea
324 3907 367 3969 rel
394 3907 567 3988 explicanda
590 3903 636 3968 rel
660 3906 851 3967 defendenda.
890 3902 1032 3967 Nonnulli
1050 3904 1126 3967 enim
1142 3903 1221 3986 iique
1237 3903 1420 3967 subtilissimi

210 4001 238 4052 et
254 3993 412 4054 doctissimi
416 4012 541 4075 ,puram
558 3992 739 4055 traditionem
757 4004 785 4055 et
801 3992 946 4054 ecclesiae
960 3991 1198 4054 cousuetudinem
1211 3993 1422 4071 praetendunt,

210 4075 261 4137 alii
284 4097 354 4138 uero
378 4079 532 4143 firmiorem
556 4078 652 4151 moliri
674 4071 766 4142 velle
781 4079 1135 4159 uidenturprnltatiouern
1152 4099 1305 4181 suamque,
1334 4098 1420 4158 quarn

209 4158 395 4264 adoptarunt,
408 4166 573 4268 opinionem
586 4165 768 4245 argumentis
781 4177 839 4241 tum
851 4187 889 4228 ex
904 4165 996 4227 literis
1013 4188 1039 4229 s.
1051 4177 1110 4228 turn
1122 4187 1159 4228 cx
1174 4165 1291 4246 scriptis
1300 4171 1420 4266 patrum

93 4294 101 4304 ,
209 4248 326 4350 petitis
319 4246 435 4311 luleire
443 4252 582 4317 nituntur
616 4254 681 4316 Hos
697 4251 789 4334 primo
812 4250 879 4314 loco
895 4251 1057 4314 audiendos
1074 4263 1220 4333 putamus,
1244 4251 1352 4353 quippe
1368 4250 1420 4352 spui

209 4355 274 4398 cum
290 4323 399 4416 frigide
417 4335 489 4398 satis
506 4359 566 4401 rem
585 4348 727 4403 tractasse
743 4341 904 4418 videantur,
921 4339 1002 4402 nullo
1018 4358 1145 4402 assensu
1160 4336 1273 4419 digni'
1253 4359 1291 4400 us
1303 4337 1420 4420 omuino

211 4447 451 4463 W

193 4506 197 4517 ’
257 4505 305 4587 ἢ)
325 4505 432 4575 Prodtit,
454 4494 574 4561 linirem.
592 4507 664 4577 Ltps.
682 4522 769 4577 progr.
788 4510 821 4563 nd
841 4509 902 4564 test.
923 4508 984 4563 Chr.
1004 4514 1071 4577 ιιι,
1092 4505 1166 4576 Lips.
1187 4509 1265 4567 1758.
1283 4507 1310 4563 t.
