3150 5066
213 269 258 337 bl
701 271 729 334 l.
751 267 936 337 ueremur

214 441 328 509 incidit.
360 441 432 504 Euit
447 441 547 505 Lucas
562 440 704 505 emendus
716 440 882 520 Antiochia,
894 441 999 524 Syriae
1015 440 1178 543 metropoli,
1193 461 1231 503 cx
1245 442 1435 523 sepffispintu

217 528 371 610 discipulis
388 527 509 606 Christi,
525 529 572 591 vel
589 539 668 591 certe
683 530 890 610 Apostolorum
905 527 1112 611 discipulis,
1084 549 1130 591 ιιι
1145 529 1346 606 doctissimus,
1362 552 1434 609 pro·

216 614 694 693 fessiononodiouscol.t,1s
726 618 838 679 Factus
855 626 956 698 postea
972 616 1104 678 medicus
1119 616 1235 679 animae
1251 617 1326 677 duos
1343 616 1432 679 libel-

217 704 265 767 los
280 695 519 773 θεοπνεύστους
543 723 653 785 eosque
676 704 831 765 historicos
848 703 995 780 condidit3
1019 702 1093 765 alter
1118 712 1163 765 est
1179 702 1409 782 evangelium,
1400 726 1432 766 ιι
1520 730 1528 741 ·

217 811 277 874 qua
290 788 442 851 historiam
466 789 543 853 ritae
561 790 669 863 Christi
697 791 901 892 prosequitur,
926 788 1002 852 alter
1025 801 1070 852 est
1086 789 1208 851 historia
1231 788 1434 854 ecclesiastica

219 881 256 941 de
273 876 347 939 artis
362 874 580 956 Apostolorum,
597 878 769 958 praesertim
779 876 875 954 Pauli,
893 879 979 959 cujus
997 886 1156 957 perpetuus
1172 876 1235 938 lere
1251 897 1350 939 comes
1365 877 1432 941 fnit.

216 961 413 1042 Euangeliou
431 963 496 1043 ejus
513 966 586 1025 adeo
603 963 697 1025 fertur
711 964 844 1045 apostolo
859 964 953 1026 Paulo
968 962 1134 1044 placuisse,
1150 973 1183 1025 ut
1197 984 1252 1044 pro
1266 984 1321 1025 suo
1335 981 1433 1042 agno-

216 1050 299 1112 verit.
332 1048 411 1110 Hinc
428 1049 541 1129 quoties
557 1049 670 1112 Paulus
686 1051 717 1112 in
733 1052 866 1132 epistolis
883 1053 919 1112 ad
936 1049 1121 1129 evangelium
1138 1061 1283 1130 provocat,
1300 1070 1433 1130 evange-

217 1136 289 1202 lium
306 1135 409 1198 Lucae
426 1144 530 1216 putant
546 1136 683 1218 intelligi.
701 1177 741 1189 -
765 1137 792 1220 ᾗ.
811 1138 841 1201 2
865 1139 911 1199 De
929 1146 1044 1213 caetero
1061 1135 1137 1197 idem
1154 1137 1254 1198 Lucas
1270 1137 1367 1201 viator
1383 1138 1432 1199 ille

217 1223 422 1300 Emaunticus,
439 1221 589 1303 Cleophae
606 1245 714 1301 comes,
731 1225 778 1287 cni
792 1225 937 1287 Dominus
953 1224 985 1284 in
1001 1224 1049 1287 via
1064 1224 1207 1303 apparuit,
1224 1223 1320 1285 fuisse
1335 1225 1432 1287 credi-

218 1322 275 1387 tur,
289 1312 341 1372 sed
360 1309 505 1391 cumipse
521 1310 597 1373 hane
612 1310 762 1373 historiam
780 1312 930 1386 scriberet,
941 1332 1046 1372 nomen
1062 1331 1149 1372 suum
1165 1310 1325 1371 modestiae
1343 1330 1434 1373 causa

106 1410 110 1431 ¹
218 1397 387 1460 reticuisse.
418 1396 513 1458 Fama
535 1419 621 1478 porro
646 1410 707 1474 est,
732 1398 872 1476 pictorem
896 1396 992 1457 luisse
1016 1405 1044 1457 et
1067 1395 1211 1474 imagines
1229 1396 1339 1457 Christi
1363 1405 1392 1458 ct
1406 1401 1435 1460 b.

218 1483 362 1563 ¹Virginis,
379 1500 455 1562 quae
471 1484 566 1544 adhuc
577 1483 690 1544 Romae
706 1485 907 1559 ostenduntur,
920 1483 1109 1563 depinxisse,
1125 1485 1179 1545 sed
1197 1483 1285 1563 hujus
1301 1483 1343 1544 rei
1359 1483 1433 1545 fides

156 1570 159 1575 ’
219 1568 259 1630 sit
273 1586 365 1649 penes
391 1577 550 1631 auctorem.
569 1601 609 1614 -
634 1568 661 1650 b.
678 1569 709 1630 3.
732 1568 813 1632 Obiit
825 1570 926 1631 Lucas
950 1570 980 1629 in
995 1569 1149 1651 Bithynia,
1172 1579 1260 1631 uatus
1274 1591 1367 1632 anuos
1384 1569 1437 1633 84.

220 1655 322 1735 ibique
337 1651 473 1733 sepultus
491 1663 543 1716 est
578 1654 655 1716 Ossa
672 1656 736 1735 ejus
754 1678 820 1718 eum
832 1657 967 1718 Andreae
985 1666 1013 1716 et
1024 1655 1172 1718 Timothei
1190 1656 1308 1719 ossibus
1323 1678 1352 1719 s.
1366 1657 1436 1721 Chr.

219 1742 293 1804 375.
311 1738 594 1820 Constantinopolim
612 1741 709 1803 delata
726 1763 803 1821 esse,
819 1743 1006 1804 Hermannus
1024 1742 1200 1805 Contractus
1219 1743 1317 1805 refert.

289 1827 463 1888 'Festum
493 1827 671 1889 Simonis
697 1839 734 1890 et
758 1830 891 1892 ledae.
922 1831 991 1891 lluo
1013 1829 1044 1891 hi
1068 1830 1436 1911 suntapostoli,qnorum

144 1954 148 1958 -
220 1913 284 1975 dies
300 1913 331 1975 iu
348 1913 424 1975 diem
442 1914 721 1994 duodetrigesimum
737 1919 833 1980 octub.
849 1917 959 1994 incidit,
984 1916 1087 1979 Simon
1106 1916 1283 1980 Cananaeus
1299 1925 1329 1979 et
1343 1917 1435 1979 ludes

209 2000 413 2065 ‚Thadducnu
443 2003 489 2063 De
505 2003 580 2064 luda
597 2002 728 2080 traditur,
745 2006 822 2083 quod
838 2006 1007 2084 Abgarum,
1023 2025 1124 2083 regem
1140 2004 1274 2067 Edessae
1291 2003 1322 2075 in
1337 2003 1441 2082 Syria,

221 2109 272 2170 qur
262 2088 352 2150 ad
342 2109 439 2170 rpsum
456 2088 642 2151 Servatorem
656 2088 760 2152 literas
776 2090 895 2152 dedisse
910 2090 1005 2151 lentur
1020 2092 1097 2171 apud
1112 2090 1283 2168 Eusebium,
1300 2090 1434 2170 baptiza-

88 2191 98 2208 ·
219 2175 270 2238 vit
304 2176 408 2236 Eidem
425 2175 827 2278 tribuitnrcpistolalurlae,
852 2197 927 2257 quae
944 2176 1013 2237 licet
1029 2138 1307 2239 exHenochiliblo
1323 2176 1436 2257 perdito

219 2260 389 2322 vaticinium
402 2252 521 2341 alleget,
533 2264 650 2324 omnino
667 2274 762 2325 tamen
779 2272 824 2323 est
846 2263 1000 2326 canonica.
1024 2263 1096 2324 Post
1111 2264 1314 2327 ascensionem
1326 2262 1436 2327 Christi

218 2347 344 2409 ludas
335 2368 366 2407 ιιι
382 2348 598 2430 Mesopotamia
623 2360 651 2411 et
675 2350 707 2410 in
722 2349 833 2423 Ponto,
857 2349 990 2411 Simon
982 2371 1012 2410 ιιι
1013 2351 1168 2452 Aegypto
1192 2352 1300 2414 docuit.
1331 2350 1438 2417 Postea

217 2434 372 2516 conjuncti
388 2433 418 2495 in
434 2434 567 2499 Persium
583 2438 735 2512 abierunt,
759 2437 812 2498 ubi
828 2439 910 2500 varia
927 2426 1085 2500 certamina
1102 2457 1167 2499 cum
1184 2437 1280 2518 magis
1296 2438 1394 2498 Zoroe
1411 2445 1439 2498 et

223 2521 345 2602 Arphax
360 2521 531 2603 subierunt,
547 2526 599 2585 sed
616 2523 741 2604 apostoli
757 2544 862 2605 magos
878 2528 952 2586 adeo
969 2536 1155 2605 superarunt,
1172 2536 1204 2586 ut
1220 2545 1320 2604 regern
1337 2524 1435 2604 ipsum

221 2609 416 2671 converterint
431 2620 459 2679 et
475 2621 585 2683 tantum
602 2632 659 2671 noo
677 2633 728 2692 pro
747 2611 803 2672 diis
818 2612 909 2675 habiti
926 2611 1046 2676 luerim.
1075 2612 1123 2674 Ad
1139 2612 1268 2692 ipsoram
1287 2610 1363 2673 enim
1379 2631 1438 2671 nn-

221 2703 286 2755 tum-
300 2696 457 2756 daemones
476 2717 513 2758 ex
538 2696 624 2757 idolis
651 2701 735 2758 modo
758 2696 848 2760 locuti
872 2709 941 2760 snut
965 2702 1049 2760 modu
1074 2707 1236 2761 tacuerunt.
1269 2697 1343 2761 Cum
1358 2695 1443 2775 mogi

220 2778 300 2841 bella
317 2779 498 2840 minarentur
507 2781 619 2857 Persis,
631 2781 756 2861 apostoli
769 2804 869 2860 pacem
887 2785 1103 2862 praedicarunt.
1135 2784 1267 2864 Contigit
1281 2784 1439 2864 aliquando

220 2874 253 2927 nt
271 2865 391 2943 tigrides
408 2885 423 2925 e
440 2886 530 2927 cavea
547 2863 733 2926 elaberentur
750 2887 816 2928 cum
833 2888 941 2945 magno
957 2868 1084 2945 impetu,
1103 2869 1278 2929 obviantium
1295 2866 1441 2947 periculo.
1490 2900 1501 2915 ε

219 2950 328 3014 Verum
344 2949 469 3029 apostoli
485 2951 605 3030 trigides
623 2950 701 3011 velut
717 2972 785 3012 ores
801 2973 888 3025 manu
905 2956 1061 3028 duxerunt,
1079 2952 1227 3014 dicentes:
1243 2960 1313 3015 Ecce
1328 2956 1381 3013 bno
1393 2961 1437 3015 ti-

143 3102 148 3107 ,
218 3039 312 3117 prider
327 3044 358 3098 in
374 3042 484 3097 nominc
501 3039 604 3098 desti
619 3041 829 3113 mansuefactos
850 3049 916 3099 sont
931 3050 956 3099 ιιι
970 3061 1020 3100 ιιι
1036 3041 1075 3100 ιιι
1093 3041 1232 3100 mlum
1248 3045 1367 3103 conuerti
1380 3059 1441 3101 oon
1511 3040 1524 3051 “

219 3123 328 3186 cultis?
358 3123 491 3183 Tandem
510 3143 577 3185 vero
596 3144 661 3184 cnm
678 3123 709 3185 in
725 3124 831 3189 Persia
847 3125 897 3207 diu
913 3125 1142 3205 praedicassent,
1159 3125 1190 3185 in
1207 3127 1280 3187 urbe
1297 3124 1385 3188 Senir
1401 3130 1440 3188 ad

220 3217 345 3273 statuum
362 3208 436 3272 solis
451 3210 529 3272 ducti
547 3218 625 3288 suot,
641 3222 672 3272 ut
689 3231 776 3274 sacra
793 3213 847 3275 soli
864 3213 1005 3274 facerent.
1035 3213 1095 3275 Sed
1111 3214 1149 3274 ad
1165 3233 1269 3292 preces
1286 3212 1439 3293 apostolo-

219 3317 284 3358 rum
301 3300 458 3361 daemones
472 3300 529 3360 sub
542 3297 825 3379 Aethiopum'lorma
841 3300 1012 3380 prodierunt
1024 3309 1052 3361 et
1068 3308 1194 3361 sumen
1206 3300 1278 3362 solis
1290 3300 1350 3380 ipsi
1365 3320 1440 3369 con-

222 3385 386 3464 fregerunt.
420 3385 488 3461 Quo
505 3385 569 3447 vise
587 3388 755 3447 sacerdotes
780 3386 901 3463 offensi,
925 3398 1080 3469 utrumque
1096 3385 1260 3467 apostolum
1274 3388 1361 3469 juxta
1376 3398 1440 3449 sta-

220 3481 300 3533 tuam
325 3471 398 3533 solis
424 3471 615 3533 trucidarunt.
647 3472 781 3552 Cumque
805 3475 890 3535 ambo
916 3476 1017 3537 endem
1041 3474 1088 3536 die
1113 3484 1254 3556 martyres
1278 3474 1338 3537 sint
1359 3474 1439 3549 lacti,

219 3556 288 3619 hinc
305 3557 336 3618 in
352 3557 529 3620 calendariis
545 3558 790 3639 idem‘utriusqne
808 3571 853 3622 est
869 3560 987 3639 natalis.
1023 3561 1109 3625 Hane
1133 3561 1283 3625 historiam
1299 3561 1438 3623 hebraice
1517 3600 1522 3609 „

219 3645 361 3732 Abdias,¹
376 3644 534 3725 episcopus
549 3646 669 3726 Babyl,
694 3666 803 3725 graece
820 3646 980 3727 Eutropius
1004 3657 1031 3709 et
1055 3646 1145 3709 latine
1169 3647 1266 3709 Julius
1283 3648 1439 3710 Africanus
1460 3664 1467 3677 “

221 3733 419 3813 consignasse
436 3733 546 3811 lertur;
569 3735 648 3795 unde
672 3733 817 3795 nonnulla
842 3735 999 3815 depromsit
1023 3735 1134 3797 Euseb
1150 3736 1179 3794 h.
1197 3757 1223 3798 e
1239 3734 1271 3811 3,
1289 3737 1340 3798 20.
1375 3735 1441 3795 Nu·

221 3822 323 3882 tabunt
338 3821 434 3883 tu'men
458 3821 486 3882 h.
502 3819 522 3881 l.
546 3842 587 3882 ss.
603 3820 712 3901 antiqq.
731 3821 871 3897 studiosi,
900 3823 937 3882 ab
954 3820 1021 3883 aliis
1045 3823 1120 3883 duos
1138 3821 1275 3884 Simones
1291 3820 1440 3920 Apostolis

222 3918 397 3971 coaetaneos
415 3906 717 3989 constitui,quoru1n
733 3909 807 3970 alter
830 3908 869 3969 sit
885 3908 1061 3971 Cananaeus
1085 3907 1237 3989 apostolus
1252 3905 1385 4004 quidem,
1409 3905 1439 3964 iu

220 3992 325 4055 Persia
342 3993 476 4072 occisus,
492 4016 551 4056 uon
576 4004 670 4056 tamen
686 3994 775 4057 irater
790 3978 883 4057 Iudae
899 3993 1042 4074 apostoli,
1066 3995 1140 4057 alter
1160 3987 1276 4074 quidem
1294 3990 1333 4053 sit
1346 3990 1440 4054 irater

220 4078 324 4155 ludas,
340 4100 399 4140 nun
416 4092 512 4143 tamen
528 4081 688 4163 apostolus,
698 4084 751 4144 sed
768 4082 923 4162 episcopus
935 4079 1104 4144 Hierosol'
1096 4082 1250 4142 inludaea
1268 4076 1439 4143 crucifixus.

308 4166 467 4227 Festum
494 4168 658 4230 omnium
684 4168 934 4232 Sanctorum.
962 4166 1037 4250 ql.
1064 4162 1439 4231 Dioshicfestusinlrul.
1539 4228 1543 4243 ,

220 4254 355 4354 novemb.
371 4251 484 4314 incidit.
518 4253 572 4319 Est
588 4265 686 4317 ιιιιιιιι
701 4256 818 4317 haec
792 4277 857 4338 epus
874 4256 969 4335 origo
1001 4256 1074 4319 Erat
1088 4255 1200 4317 Eumae
1216 4248 1356 4331 templum
1373 4253 1440 4313 eth-

136 4340 141 4345 ’
220 4335 319 4400 uicum
337 4337 470 4400 omnibus
487 4338 544 4400 diis
561 4360 678 4404 socrum
693 4342 818 4423 ideoque
834 4342 941 4405 dictum
957 4331 1111 4403 πάιθεον.
1137 4341 1202 4401 Huc
1220 4338 1359 4421 templum
1373 4357 1456 4402 see.

220 4424 286 4493 Vll.
301 4425 421 4489 ineunte
437 4424 619 4508 Bonilacius,
636 4450 722 4510 quem
737 4429 887 4493 Lutherus
895 4426 1093 4495 Mulelacium
1109 4426 1253 4511 appellet,
1270 4447 1290 4490 a
1306 4426 1437 4491 Caesare
