3144 5056
244 271 288 335 oo
702 267 739 332 c.
761 265 797 331 c.
820 266 859 334 u.
881 264 1002 330 ronna
1105 216 1116 237 ’

244 438 295 501 tati
312 449 380 503 sunt
394 438 449 503 riri
467 439 560 515 docti,
577 442 614 501 ad
632 460 720 501 unum
736 458 856 516 amnes,
880 448 1019 520 quantum
1036 436 1115 513 scio,
1130 439 1229 525 Jesupr
1245 435 1418 515 Christum,
1438 448 1470 501 ut

243 526 291 589 bic
308 528 354 589 rel
371 526 421 588 ille
438 527 500 588 dies
517 545 587 607 prae
605 525 671 587 aliis
687 525 844 589 baberetur
860 538 992 602 sanctus,
1009 546 1066 586 uon
1085 524 1287 605 praecepisse,
1304 524 1468 588 allirmaut

244 615 282 678 Et
299 622 376 676 recte
395 614 520 695 quidem.
554 613 627 675 Naro
646 614 700 675 etsi
718 612 778 692 ille,
796 623 827 675 ut
844 612 975 694 Apostoli
994 614 1128 689 tradunt,
1146 631 1206 673 nna
1220 632 1286 674 curu
1302 611 1466 692 discipulis

243 721 345 763 sacros
360 703 535 763 ludaeorum
553 710 712 762 conventus
734 700 853 781 saepius
875 698 1087 779 frequentavit,
1113 708 1207 760 tamen
1223 696 1332 760 boe'eo
1348 694 1466 762 tantum

242 788 314 850 iecit
330 788 462 861 consilio,
479 798 511 849 ut
528 787 722 867 popularium,
739 791 775 848 ab
794 807 893 847 eorum
911 785 1122 847 cousuetudine
1139 806 1197 846 non
1212 787 1365 863 recedens,
1385 786 1467 847 efl'u-

243 885 327 955 geret
342 873 531 935 offensionem
547 875 725 953 haberetque
742 894 814 934 suae
831 872 978 934 doctrinae
995 892 1093 933 eoram
1111 870 1227 947 multis,
1244 872 1293 952 qui
1309 893 1346 935 cx
1366 873 1467 949 omni-

243 963 300 1021 bus
318 961 427 1031 romani
446 960 558 1042 inperii
573 960 730 1043 provinciis
744 963 780 1021 ad
796 958 932 1041 templum
941 958 1239 1041 Hierosolymitanum
1251 961 1363 1040 pascha
1382 961 1466 1023 cele·
1546 1008 1548 1023 r

242 1048 353 1109 beaturi
371 1048 571 1123 convolarunt,
582 1050 772 1128 exponendae
789 1047 1041 1128 opportunitatem.
1069 1047 1154 1125 Quod
1171 1047 1303 1128 inprimis
1321 1069 1359 1108 ex
1379 1048 1465 1128 ejus-

244 1135 432 1214 demdiotis,
464 1135 572 1215 quibus
602 1156 683 1196 suam
709 1156 774 1196 cum
801 1134 916 1213 legibus
941 1133 1078 1196 mosaicis
1105 1145 1253 1214 comparat
1276 1133 1466 1214 religionem,
1548 1144 1549 1211 ᾖ

244 1222 435 1284 demonstrari
451 1234 557 1302 potest
589 1223 704 1284 Etenim
721 1222 784 1282 sore
801 1222 989 1300 praesagivit,
1008 1233 1040 1283 ut
1057 1242 1158 1284 omnes
1176 1224 1365 1297 ludaeorum,
1387 1242 1466 1303 quae

243 1313 279 1372 ad
297 1323 446 1371 externum
463 1309 521 1372 Dei
538 1309 646 1371 cultum
664 1320 812 1389 spectant,
842 1308 1065 1369 constitutiones
1088 1307 1275 1370 abolerentur
1293 1328 1465 1389 numenque

243 1418 411 1477 supremum
429 1418 447 1457 a
463 1396 639 1456 Christianis
657 1396 717 1456 reri
734 1394 860 1456 nominis
877 1393 910 1454 ia
926 1389 1081 1470 πνεύματι
1097 1394 1145 1455 καὶ
1159 1388 1298 1476 ἀληθείᾳ
1316 1395 1468 1457 repleretur

244 1484 299 1544 Joh
320 1482 351 1556 4,
363 1485 500 1544 21-23.
532 1482 598 1542 Hae
615 1481 744 1556 accedit,
763 1483 839 1560 qnod
858 1491 885 1541 et
902 1480 965 1560 ipse
982 1479 1067 1560 leges
1085 1485 1121 1542 de
1133 1480 1246 1543 sabbati
1265 1481 1467 1544 celebratione

130 1628 136 1643 ,
243 1568 320 1629 latas
333 1569 476 1630 interdurn
490 1568 623 1648 neglexit
635 1579 663 1629 et
675 1587 747 1628 suos
759 1567 920 1647 discipulos
932 1565 1049 1644 legibus
1062 1566 1143 1629 bisce
1155 1589 1211 1628 non
1223 1569 1379 1630 adstrictos
1399 1590 1469 1630 csse
1549 1590 1550 1595 ¹

242 1656 394 1738 judicavit,
412 1676 505 1737 neque
524 1669 618 1716 tamen
637 1658 753 1716 eosdem
770 1675 788 1715 a
805 1654 944 1716 festorum
963 1655 1074 1715 dierum
1098 1654 1294 1716 celebratione
1313 1655 1469 1735 probibuit

242 1763 370 1823 unquam
385 1750 421 1820 ⁴).
451 1744 588 1803 Liberam
609 1741 683 1817 enirn
702 1763 767 1803 esse
785 1741 942 1803 arbitratus
961 1752 1005 1802 est
1017 1740 1143 1803 hominis
1157 1743 1302 1823 cujusque
1319 1746 1353 1804 de
1365 1741 1469 1805 saeris

245 1830 415 1891 diebusaat
439 1830 630 1891 observandis
655 1837 706 1890 aut
732 1850 789 1890 non
814 1824 1005 1890 obserniudis
1029 1829 1170 1910 judicium
1189 1828 1244 1906 **).
1276 1830 1372 1906 Quum
1392 1851 1466 1891 vero
1550 1900 1551 1909 χ

243 1917 363 1978 baberet
380 1917 651 1997 persuasissimum,
669 1916 778 1977 nnllam
797 1918 981 1991 societatem,
998 1916 1172 1996 simulatque
1190 1924 1298 1977 certam
1315 1919 1466 1997 quandam
1550 1912 1551 1949 7

242 2004 397 2084 religionis
414 2005 535 2067 iorrnam
553 2005 725 2085 susceperit,
738 2003 912 2065 ceremoniis
929 2023 1051 2082 prorsus
1069 2023 1168 2064 carere
1186 2025 1282 2084 posse,
1294 2002 1358 2083 ipse
1376 2005 1467 2075 binos

242 2092 317 2153 ritas
334 2093 528 2154 sectatoribus
544 2093 607 2154 suis
625 2091 826 2172 praescripsit,
846 2088 1017 2169 baptismum
1034 2097 1062 2149 et
1078 2110 1198 2151 coenam
1214 2113 1251 2165 s.,
1270 2112 1396 2171 quornm
1416 2113 1469 2173 per

244 2180 365 2240 alterum
383 2181 513 2240 homines
531 2178 644 2257 ingredi
662 2178 692 2237 in
712 2176 866 2238 ecclesiam
883 2194 967 2235 suam
980 2176 1078 2255 jussit,
1091 2198 1144 2256 per
1154 2177 1284 2238 alterum⁴
1294 2180 1466 2243 memoriam

243 2266 290 2329 sni
309 2266 356 2346 pia
373 2278 468 2327 mente
486 2287 637 2327 renovare.
666 2264 725 2324 Sed
742 2262 874 2324 neutrius
890 2263 1083 2323 observationi
1099 2275 1208 2324 certum
1226 2270 1369 2346 quendam
1386 2287 1467 2328 eon·
1551 2342 1552 2349 ἵ

244 2353 337 2414 stituit
355 2354 440 2414 diem.
484 2354 583 2429 Quare
600 2353 751 2434 praeclare
768 2348 879 2411 Mush
891 2349 1015 2411 emius
1031 2350 1085 2426 aaa)
1104 2351 1228 2413 libertati
1246 2363 1274 2414 ct
1290 2354 1467 2433 prudentiae
1497 2366 1500 2381 ¹
1520 2392 1523 2409 .

242 2449 425 2522 posterorum
444 2441 593 2520 negotium
611 2443 665 2501 boe
683 2450 772 2500 toturn
788 2439 825 2499 ab
844 2457 878 2499 eu
895 2437 1027 2499 relictum
1055 2458 1122 2501 csse
1138 2440 1294 2516 contendit,
1311 2450 1343 2502 ut
1360 2453 1388 2502 et
1407 2440 1465 2501 ho·
1550 2452 1552 2487 ὲ

242 2529 351 2589 urinum
371 2541 398 2590 et
422 2541 581 2611 temporum
608 2540 635 2591 et
660 2528 790 2590 locorum
812 2527 894 2609 justa
917 2525 1015 2589 habita
1043 2525 1155 2589 ratione
1181 2526 1250 2607 quid
1275 2527 1467 2590 sciscendum

242 2616 327 2689 iuret,
342 2617 483 2678 viderent.

330 2699 389 2758 Sed
406 2702 478 2760 haee
490 2701 616 2761 virorum
634 2703 786 2761 doctorum
804 2700 963 2760 consensio
977 2700 1006 2760 in
1024 2720 1160 2779 magnam
1176 2700 1384 2762 sententiarum
1404 2699 1469 2764 abit
1552 2734 1553 2759 1

242 2784 474 2860 dissensionem,
499 2807 565 2845 cum
582 2789 618 2845 de
642 2786 756 2858 origine
775 2796 802 2844 et
826 2786 1030 2845 observatione
1055 2785 1135 2844 diei
1160 2786 1349 2847 dominici
1367 2788 1400 2862 (d
1411 2785 1467 2850 iel

243 2870 354 2941 solis,
373 2870 497 2948 panis,
515 2870 629 2949 primi
647 2867 919 2946 hebdomadis)
930 2869 1006 2929 inter
1022 2870 1205 2930 Christianos
1222 2870 1315 2949 deque
1331 2884 1469 2952 tempore

151 3004 153 3013 ,
242 2957 406 3031 disserunt,
432 2977 489 3036 quo
515 2955 561 3017 lric
588 2956 650 3015 dies
673 2952 787 3015 sabbati
812 2953 876 3014 luco
893 2953 938 3015 vel
958 2976 995 3014 ex
1018 2974 1095 3014 more
1112 2953 1158 3013 vel
1176 2976 1213 3016 ex
1235 2954 1302 3032 lege
1318 2955 1469 3034 religiose

242 3042 408 3106 celebratns
424 3043 471 3103 sit.
504 3043 607 3120 Longe
634 3040 709 3103 enim
726 3039 860 3121 plurimi,
885 3061 943 3100 non
967 3040 1061 3101 solnm
1077 3039 1173 3101 statim
1199 3041 1236 3102 ab
1248 3039 1342 3102 ‘initio
1360 3063 1466 3106 rerum

242 3129 477 3209 christianarum,
494 3129 515 3192 i.
531 3150 556 3191 e.
572 3130 651 3190 haud
670 3130 719 3190 diu
738 3136 804 3210 post
820 3125 968 3189 sublatum
987 3131 1024 3190 ad
1041 3127 1140 3190 coelos
1158 3128 1352 3207 Servatorem,
1372 3152 1465 3212 prae-

150 3294 152 3301 ,
243 3218 379 3282 euntibus
395 3214 560 3299 apostolis,
578 3217 653 3278 diem
679 3216 750 3280 solis
765 3216 877 3278 ideirco
899 3218 993 3280 saeris
1019 3216 1196 3298 peragendis
1218 3215 1361 3297 dicatum,
1390 3219 1464 3301 quia

250 3348 476 3363 „u—

313 3422 339 3489 *)
360 3421 453 3474 Mattio.
476 3423 518 3489 ut,
541 3426 583 3475 20.
621 3423 691 3473 llaec
711 3430 796 3474 autem
824 3422 956 3490 discipulis
975 3423 1040 3475 atrio
1057 3420 1150 3486 lesus,
1179 3422 1292 3474 lotarum
1311 3423 1461 3493 Hierosoly-

242 3506 340 3545 morum
359 3492 518 3543 eversionem
536 3492 700 3555 vaticinans,
720 3507 765 3559 pro
784 3499 855 3542 certo
874 3493 955 3556 igitur
972 3491 1072 3554 sumsit,
1093 3490 1145 3540 illis
1164 3496 1218 3543 tum
1236 3508 1335 3560 qnoque
1354 3490 1474 3544 sabbati.

243 3563 309 3614 diem
329 3576 430 3612 ssorum
449 3560 514 3626 lore,
534 3568 562 3611 et
578 3561 726 3624 religiosum
743 3561 801 3625 ejus
821 3561 917 3615 cultum
938 3578 986 3612 nou
1006 3559 1161 3627 inprobavit.

223 3624 227 3641 '
312 3628 357 3693 *ἢ
375 3629 468 3681 Mattio.
483 3631 630 3695 rat-14.
649 3628 730 3680 Marc.
744 3633 769 3692 2,
780 3631 894 3682 23-28.
916 3634 942 3695 3,
956 3630 1033 3682 a-t.
1053 3627 1117 3679 Luc.
1128 3630 1154 3694 6,
1177 3634 1269 3682 t-ll.
1290 3632 1333 3689 13,
1346 3628 1460 3680 tat-tn

243 3701 286 3764 14,
307 3704 382 3754 1-5.
400 3699 459 3749 lob.
479 3702 505 3762 5,
522 3700 618 3753 9-18.
640 3696 791 3761 aaa-m.
811 3697 837 3761 9,
856 3697 965 3751 14-16.
1003 3697 1110 3765 Homine
1132 3705 1220 3750 natum
1242 3696 1346 3759 (Mutet.
1363 3690 1460 3760 1238.)

241 3770 285 3821 vel
305 3770 431 3820 homiuem
452 3764 546 3827 (Maro.
567 3773 591 3829 2,
610 3764 669 3833 27.)
688 3766 790 3817 sabbati
810 3767 937 3817 dominnm
958 3781 1015 3816 esse
1033 3764 1113 3830 dicit,
1144 3766 1210 3831 qnod
1231 3764 1345 3816 nonnulli
1364 3765 1400 3814 ita
1421 3764 1460 3813 in-

242 3840 378 3903 terpretati
399 3844 468 3901 sunt,
489 3853 519 3888 ac
539 3837 561 3886 si
580 3835 656 3885 lesus
682 3835 732 3884 sibi
756 3836 799 3884 rel
818 3835 914 3885 bomini
940 3835 1031 3899 cuique
1047 3835 1091 3898 jus
1116 3832 1219 3885 sabbati
1246 3830 1386 3896 abrogandi
1404 3832 1461 3882 vin·

243 3905 331 3954 dicare
348 3907 468 3956 voluerit,
506 3904 557 3956 Sed
576 3912 629 3954 tum
649 3903 801 3968 sibimetipsi
821 3919 870 3952 nnn
888 3904 953 3952 bene
972 3909 1113 3953 constaret.
1149 3901 1214 3953 Nam
1234 3903 1296 3953 alibi
1316 3899 1420 3964 (Muttlr.
1432 3901 1459 3963 ἃ,

157 4017 161 4024 .
244 3974 301 4036 17.)
320 3988 348 4023 se
367 3990 416 4024 non
435 3992 465 4025 ee
484 3974 589 4026 consilio
611 3971 713 4023 venisse
732 3972 785 4030 uit,
816 3978 844 4022 nt
862 3972 944 4035 legem
965 3978 1010 4021 aut
1029 3978 1103 4023 vates
1123 3970 1269 4034 abrogaret,
1291 3968 1335 4019 sed
1354 3975 1383 4017 ut
1403 3984 1461 4034 per-

243 4040 342 4091 liceret.
379 4038 464 4104 Quare
484 4044 535 4093 alia
555 4042 640 4092 verbis
658 4041 709 4090 rltrs
728 4047 790 4089 msrt
810 4041 937 4091 sententia
958 4055 1062 4091 necesse
1081 4047 1131 4090 est.
1162 4039 1292 4103 Quaenam
1312 4053 1374 4088 vcro
1394 4037 1458 4111 bpeo

242 4108 287 4171 sit,
307 4108 400 4173 optime
421 4108 560 4174 explicavit
579 4109 683 4159 Grotius
704 4108 736 4159 utl
754 4107 847 4160 Meton.
869 4110 896 4175 5,
916 4112 958 4162 17.
984 4109 1010 4158 in
1028 4110 1096 4158 buno
1114 4107 1229 4157 modum:
1254 4109 1334 4158 Ritus
1351 4105 1460 4171 inplevit

243 4184 269 4229 ct
288 4181 474 4229 consummavit
495 4179 625 4242 (brutas,
645 4180 673 4229 id
690 4177 842 4241 emittendo,
863 4178 940 4246 cajeta
958 4193 1044 4251 onasq
1060 4179 1227 4229 ritos'erant
1246 4174 1356 4240 πρωί,
1378 4174 1459 4239 qaud-

244 4260 291 4312 qae
307 4246 360 4311 ipsi
378 4244 538 4309 approbant.
574 4248 676 4299 Dotoeit
698 4254 785 4301 autern
803 4247 904 4311 cosdras
928 4262 956 4296 eo
982 4248 1041 4312 ipso
1066 4243 1229 4310 implemento
1253 4249 1277 4292 ct
1295 4250 1459 4295 consonante-⁴

185 4338 189 4343 ·
243 4315 322 4377 tione,
339 4326 390 4363 non
409 4311 521 4362 tollendo
539 4314 603 4377 lepis
620 4316 764 4379 vittoniano,
785 4316 831 4366 sed
849 4329 959 4366 cerasum
978 4311 1171 4373 strbtrnbendo,
1191 4317 1303 4379 propter
1321 4326 1399 4378 qttnm
1416 4311 1460 4361 lem

243 4397 276 4435 ca
295 4387 361 4433 nota
379 4388 404 4431 et
425 4382 466 4430 cal
481 4382 604 4432 momenti
621 4399 656 4434 em
671 4386 805 4446 priennaee
825 4385 927 4435 decreto
947 4390 1006 4436 erat
1024 4382 1221 4433 commoritura.

312 4445 377 4518 soa),
394 4447 519 4501 Instituta.
541 4447 601 4499 nist.
624 4450 714 4501 christ.
733 4450 805 4517 majj.
823 4451 944 4518 (detnsa.
966 4448 1057 4512 1739.)
1075 4464 1100 4515 p·
1120 4448 1181 4503 369.
1285 4476 1289 4485 »
