3144 5056
269 309 313 372 oe
552 339 555 344 -
714 270 982 371 ‘aarum
1058 331 1061 337 ·

245 442 384 562 ‘putam-
416 477 556 559 Operuur,
578 497 653 557 quae
679 479 801 541 sabbato
827 458 1166 561 suscipero'prolribent,
1194 479 1424 561 praecipuorum
1440 480 1488 542 tri-
1543 460 1544 465 ἵ

271 567 355 648 ginta
375 585 477 629 uorem
495 575 664 641 numerant,
690 586 765 645 quac
790 567 907 630 nomino
932 562 1054 651 ainaha
1078 576 1158 650 uturp
1187 567 1392 648 appellantur.
1420 568 1488 631 lotor

271 652 346 716 haec
363 636 507 715 scutalia
523 651 724 732 superstitisa,
749 653 875 715 ridicula
899 653 968 716 nlia.
999 649 1161 716 iuvenibus
1188 655 1324 735 quidem,
1350 677 1407 718 ron
1429 675 1487 717 roro

271 740 343 804 viris
359 738 553 818 [neminisque
570 741 692 801 sabbato
709 761 836 819 currere,
855 753 899 805 est
915 761 1096 818 eoncessum,
1113 740 1172 803 nisi
1192 741 1369 824 voluptatis,
1380 763 1487 805 recrea·

272 826 360 890 tionis
378 837 406 889 et
428 826 555 888 diuinum
574 829 739 889 mandatum
764 849 799 890 eo
818 828 943 891 celerius
960 829 1122 908 exequendi
1147 848 1260 891 eausa.
1299 829 1488 893 Dimetiuntur
1534 870 1536 873 -

271 917 346 977 adeo
358 913 570 992 longitudinem
587 935 740 994 passuum,
757 915 807 996 qui
823 937 882 977 non
898 916 958 977 sint
976 917 1091 978 duobus
1107 916 1238 996 pedibus
1251 915 1303 979 vel
1315 916 1423 979 cubitis
1433 937 1498 977 rnr-·

186 1034 194 1057 ι
268 1002 359 1084 jorcs.
389 998 469 1062 Nihil
487 999 524 1062 iis
539 998 610 1062 lieet
624 1022 723 1062 secum
741 1012 855 1083 portare
872 1006 907 1064 ml
924 1014 1023 1069 vestes
1041 1024 1097 1064 non
1115 1002 1284 1084 pertinens,
1312 1006 1392 1085 qnod
1407 1004 1487 1065 inter-

271 1088 381 1150 dictum
396 1089 470 1151 adeo
486 1089 523 1148 ad
541 1107 614 1149 acus
639 1110 755 1169 quoque
778 1091 951 1170 superfluas,
974 1110 1048 1171 quas
1072 1089 1223 1153 inerninae
1252 1112 1360 1154 secum
1382 1100 1487 1171 gestare

227 1170 234 1177 ”
270 1174 376 1252 solent,
399 1176 565 1239 extendant.
598 1176 659 1240 Viri
677 1195 735 1239 noo
754 1176 858 1238 baculo
882 1188 1010 1254 utuntur,
1027 1176 1085 1238 nisi
1101 1186 1200 1240 aetate
1219 1178 1368 1258 provecti.
1399 1179 1486 1239 Pecu·

271 1267 323 1329 des
349 1262 399 1339 nil,
426 1263 483 1323 nisi
508 1265 585 1343 quod
609 1263 732 1324 maxime
758 1265 967 1342 necessarium,
991 1264 1070 1326 ferre
1088 1275 1250 1344 coguntur.
1266 1327 1269 1331 ,
1285 1265 1424 1347 inprimis
1440 1265 1486 1326 lu·
1545 1286 1546 1291 ¹

270 1349 335 1413 daei
362 1370 474 1411 orrrnem
499 1350 653 1429 pecuniam
678 1353 833 1430 deponunt,
860 1373 914 1413 nec
939 1372 1042 1412 aurum
1067 1372 1122 1413 nee
1147 1360 1314 1431 argentum
1337 1353 1369 1412 in
1394 1351 1487 1413 itinere

201 1464 208 1477 ¹
270 1457 370 1500 secum
389 1445 549 1516 portantes.
581 1437 660 1514 Quin
677 1438 761 1513 adeo,
786 1440 902 1517 quando
927 1457 1093 1499 micenam
1117 1439 1250 1519 pecnnia
1277 1437 1428 1521 impletam
1445 1436 1486 1501 ia-

201 1590 204 1593 ,
269 1522 400 1597 veniunt,
427 1543 490 1584 eam
514 1522 615 1583 tollere
636 1525 758 1585 sabbato
784 1544 842 1584 non
867 1526 986 1587 audent.
1025 1525 1123 1605 Opera
1148 1526 1287 1588 caritatis
1312 1536 1343 1588 et
1366 1541 1487 1588 summae

104 1602 112 1615 ’
268 1609 455 1673 necessitatis
471 1608 640 1689 permittunt
655 1609 723 1687 alia,
748 1609 807 1672 alia
822 1621 929 1674 vetant
964 1611 1125 1673 Sabbatum
1142 1612 1212 1679 licet
1232 1614 1359 1688 violare,
1377 1613 1402 1675 si
1419 1611 1487 1674 vitae
1545 1658 1546 1661 ,

270 1697 424 1779 cujusdam
438 1694 600 1776 periculum
615 1696 753 1759 imminet.
786 1697 864 1759 Hinc
881 1708 1013 1779 aegroto,
1029 1699 1112 1778 gravi
1129 1699 1273 1782 letalique
1291 1702 1393 1763 morbo
1407 1699 1488 1763 labo-

269 1784 356 1863 ranti,
371 1783 471 1845 omnia
485 1804 561 1864 quae
578 1785 643 1864 ejus
659 1785 872 1849 conservationi
891 1787 1067 1863 conducunt,
1082 1786 1222 1850 adhibere
1231 1789 1390 1870 jubentur.
1413 1785 1488 1846 Foe-

268 1871 365 1937 rainaa
382 1870 569 1952 parturientis
587 1873 687 1933 eadem
704 1883 750 1935 est
765 1873 903 1935 conditio.
935 1873 1076 1937 infantem
1089 1895 1192 1936 reeens
1205 1886 1312 1937 natum
1331 1870 1487 1937 fasciisiu·
1545 1924 1546 1929 ,

268 1957 390 2022 volvunt
405 1959 527 2041 ejusque
543 1958 681 2021 lotionem
698 1970 810 2023 curant.
842 1962 978 2039 Puerum,
1007 1960 1033 2021 si
1057 1961 1210 2043 inaquam
1226 1961 1379 2039 inciderit,
1396 1969 1487 2023 extre-
1545 1990 1546 2009 2

267 2046 352 2111 bunt.
390 2046 472 2108 Cura
497 2062 685 2125 mortuorum,
710 2048 842 2127 inprimis
866 2069 942 2128 quae
963 2051 1002 2110 ad
1026 2068 1126 2110 eorum
1151 2049 1295 2112 honorem
1323 2055 1445 2130 spectat,
1460 2052 1489 2107 at
1545 2062 1546 2119 ζ

270 2156 321 2199 eos
339 2155 452 2214 ungere
468 2145 555 2216 atquc
572 2135 679 2210 lavare,
696 2153 754 2194 non
771 2135 957 2197 interdicunt.
988 2134 1101 2213 ignem,
1125 2135 1175 2215 qui
1191 2142 1277 2199 ortus
1304 2148 1360 2213 est,
1386 2134 1486 2196 delent.

267 2221 458 2284 Econtrario
481 2231 579 2283 vetant
601 2223 637 2281 dc
660 2221 850 2287 mercenariis
873 2221 972 2282 sutoro
997 2221 1044 2282 die
1068 2222 1269 2290 conducendis
1302 2223 1399 2306 loqui.
1431 2219 1487 2284 te-
1545 2230 1546 2269 ἒ

268 2318 341 2386 tant,
358 2308 384 2370 si
402 2306 511 2369 dolium
527 2306 595 2368 ricto
611 2306 760 2387 impletum
778 2306 909 2391 foramen
923 2308 1081 2390 acceperit,
1107 2330 1163 2391 per.
1183 2313 1261 2390 quod
1280 2310 1384 2374 vinum
1401 2325 1487 2389 pcae-
1545 2350 1546 2387 ,

150 2405 154 2411 '
268 2404 333 2472 trat,
359 2393 432 2456 illud
458 2394 613 2456 occludere
637 2415 672 2455 ac
689 2397 833 2475 quendam
864 2393 1004 2476 religioni
1028 2397 1167 2477 judaieae
1188 2416 1249 2459 nou
1276 2398 1431 2461 addietum
1453 2393 1485 2452 dt
1545 2398 1546 2477 ξ

267 2504 305 2547 oa
320 2503 353 2546 re
371 2483 537 2561 obsecrare,
561 2482 619 2545 nisi
641 2480 690 2544 ille
713 2492 816 2563 sponte
840 2482 940 2546 iaciat.
971 2484 1077 2549 lictant
1091 2492 1222 2565 aegroto,
1248 2487 1372 2565 qnando
1391 2477 1486 2562 mortis
1545 2480 1546 2535 l

145 2563 169 2613 ’-
210 2630 215 2635 .
266 2569 434 2654 periculum
452 2591 512 2633 non
530 2569 669 2647 imminet,
684 2591 862 2652 quocunque
879 2574 963 2634 modo
982 2578 1218 2635 succurrereaut
1230 2575 1377 2653 pecudem
1389 2567 1485 2635 norbo
1545 2556 1546 2651 l

254 2659 402 2720 ‚allectam
418 2660 532 2739 juvare.
554 2658 615 2739 l'ro
633 2657 712 2719 nullo
728 2667 861 2738 aegroto,
881 2659 938 2722 nisi
956 2658 1139 2735 moribundo,
1159 2667 1327 2739 precantur.
1354 2656 1488 2719 Membra
1545 2696 1546 2733 3

267 2745 410 2824 corporis,
430 2745 518 2805 etiam
536 2742 650 2804 infirma
667 2755 696 2804 et
712 2744 796 2805 laesa
811 2747 933 2807 sabbate
950 2767 1005 2807 nee
1021 2744 1087 2808 oleo
1105 2766 1216 2825 ungere
1233 2766 1288 2807 nec
1300 2744 1375 2806 aliis
1389 2745 1487 2813 rebus,
1545 2784 1546 2791 κ

265 2831 375 2912 quibus
391 2828 510 2891 dolores
525 2828 653 2907 mitigari
670 2830 795 2907 possint,
811 2829 927 2891 illinere
945 2831 1022 2891 lieet.
1054 2830 1169 2893 Animal
1187 2832 1211 2891 si
1228 2831 1259 2891 iu
1274 2832 1395 2893 lorcam
1413 2820 1487 2890 inci·
1545 2828 1546 2833 ’

265 2916 351 2992 derit,
367 2913 477 2995 pabulo
493 2912 633 2989 nutriunt,
651 2915 743 2974 donce
760 2916 913 2975 sabbatum
928 2915 1084 2991 occiderit,
1100 2916 1126 2976 si
1143 2915 1174 2975 iu
1191 2937 1227 2976 ea
1241 2915 1365 2977 nimium
1385 2932 1488 2997 aquae,

265 3012 299 3065 ut
314 3002 443 3078 timeant,
466 3022 506 3063 ne
523 3007 630 3080 pereat,
648 3008 774 3061 stramen
793 3000 944 3080 abjiciunt,
968 3020 1098 3080 neuqua
1115 2999 1286 3077 suffocetur,
1311 3001 1403 3079 eique
1419 2999 1486 3081 pul-

193 3147 197 3151 .
264 3089 349 3154 vinar
360 3098 539 3168 supponunt,
555 3097 587 3149 ut
604 3085 696 3167 possit
707 3089 886 3167 praendere3
898 3084 973 3149 illud
988 3107 1057 3150 vero
1074 3087 1131 3148 hoe
1147 3086 1193 3148 die
1206 3088 1371 3162 extrahere,
1390 3106 1485 3168 nepae

262 3176 325 3259 ipsi
338 3175 442 3258 ludaei
458 3173 590 3238 hodierni
605 3177 714 3237 audeat
736 3195 831 3256 neque
856 3175 1052 3257 amajoribus
1074 3176 1226 3237 sabbatum
1250 3175 1303 3235 tali
1326 3173 1410 3237 laeto
1429 3195 1485 3236 un-

266 3286 353 3349 quam
369 3264 461 3331 fuisse
486 3261 625 3327 violatum
645 3264 793 3325 credunt(
817 3263 917 3340 Quare
941 3262 1027 3324 etiam
1045 3262 1229 3327 servatorem
1246 3270 1378 3325 nostrum
1402 3281 1483 3324 meu·

265 3353 342 3416 dacii
360 3360 509 3428 accusant,
531 3372 597 3414 curu
622 3351 711 3430 (Luc.
730 3347 781 3425 14,
798 3352 842 3427 5.)
867 3352 904 3411 ad
922 3350 1134 3420 defendendam
1162 3344 1342 3415 sanationem
1360 3355 1481 3429 aegroto

266 3452 394 3522 ternpore
409 3438 527 3502 sabbati
547 3436 717 3519 praestitam
741 3436 917 3500 Pharisaeos
943 3438 1013 3502 talia
1037 3458 1127 3519 opera
1150 3437 1371 3501 misericordiae
1397 3437 1479 3501 etiam

262 3530 321 3592 boc
337 3527 386 3589 dic
401 3546 476 3606 erga
493 3526 602 3587 bestias
618 3527 775 3587 observare
793 3525 965 3589 confirmet·

350 3613 586 3679 celebratio
611 3612 770 3675 sabbati
794 3612 898 3674 inter
923 3613 1064 3694 primos
1083 3611 1355 3679 Christianos.
1401 3612 1477 3690 ripo-

264 3703 333 3770 stoli
359 3713 388 3765 et
412 3701 495 3783 primi
515 3699 672 3767 christiani
695 3699 822 3763 cornicis
848 3700 1045 3777 confessores,
1074 3720 1091 3761 e
1114 3700 1235 3763 ludaeis
1253 3699 1388 3780 egressi,
1404 3689 1477 3775 legis

265 3787 477 3867 ceremonialia,
502 3809 554 3870 per
570 3786 678 3850 Christi
693 3790 850 3850 adrentum
865 3788 1010 3869 impletae,
1025 3785 1217 3849 reverentiam
1233 3797 1320 3869 atque
1338 3791 1476 3850 observa-

264 3880 371 3942 tionem
384 3876 519 3960 justitiae
543 3896 635 3939 eausa
658 3875 734 3938 inter
757 3897 790 3937 se
815 3896 872 3937 aon
898 3875 1069 3950 tolerabant,
1093 3884 1126 3935 ut
1144 3895 1180 3937 cx
1196 3872 1324 3954 epistola
1337 3866 1424 3938 Pauli
1440 3864 1490 3945 ad*

252 3965 332 4028 ¹ialal.
349 3967 459 4046 scripta
474 3964 639 4031 luculenter
654 3972 783 4044 apparet.
817 3961 895 4025 Hine
914 3962 999 4025 etiam
1015 3959 1209 4041 negligebant
1224 3964 1379 4025 sabbatum
1395 3960 1475 4040 ejus·

263 4072 321 4132 que
345 4052 580 4130 celebrationem,
608 4059 727 4132 partem,
755 4060 786 4114 nr
804 4060 883 4112 reete
905 4051 1057 4130 putabant,
1081 4045 1161 4128 legis
1183 4049 1341 4113 mosaicae.
1385 4038 1474 4110 Paule

264 4147 332 4218 post
347 4158 425 4215 reru,
441 4139 489 4202 rel
504 4139 681 4221 temporibus
703 4138 908 4218 Apostolorum
930 4136 1005 4218 ipsis
1030 4135 1078 4199 ecl
1102 4144 1180 4198 certe
1194 4145 1310 4217 patrum
1334 4128 1475 4216 apestoli-

261 4244 365 4286 eorum
381 4233 486 4301 aetate,
504 4226 665 4289 Christiani
682 4225 861 4306 incipiebant
877 4227 1031 4287 sabbatum
1044 4223 1206 4307 judaicum,
1223 4233 1255 4284 ut
1268 4223 1345 4287 diem
1362 4224 1474 4289 sesam
1545 4238 1546 4241 ’

259 4311 346 4374 cultu
364 4314 519 4374 observare
543 4311 697 4392 religioso,
719 4312 752 4372 in
774 4313 898 4392 gratiam
923 4310 1079 4377 multorum
1104 4308 1159 4371 fide
1183 4308 1374 4387 intirmorum,
1395 4306 1474 4390 quie
1545 4342 1546 4399 p

253 4399 386 4462 ¹ludaeis
403 4406 491 4461 eraut
501 4399 644 4475 conversi,
661 4410 692 4460 ot
713 4399 868 4461 maximam
884 4398 1075 4463 reverentiam
1091 4394 1240 4457 habebant
1256 4417 1329 4477 erga
1342 4412 1474 4459 ceremo·
1545 4402 1546 4477 J

264 4487 332 4551 uino
347 4508 365 4552 a
380 4488 445 4550 Deo
460 4503 514 4568 per
530 4484 637 4551 mosen
654 4484 774 4551 corias
791 4496 821 4549 ot
834 4506 853 4549 a
868 4486 931 4553 suis
946 4483 1106 4568 majeribus
1130 4504 1242 4549 summo
1257 4478 1356 4551 studio
1374 4483 1474 4549 obser·
1517 4570 1524 4585 ι
