3144 5056
199 272 271 344 nus
713 274 740 341 ι.
754 273 791 341 r.
807 271 914 358 mys

290 449 394 515 Utrum
421 468 491 513 reru
519 457 548 512 et
571 447 829 529 Hospiniauo
859 445 911 533 (du
937 450 1012 531 orig.
1035 448 1190 530 festarum)
1217 454 1245 511 et
1272 446 1425 517 nitte-

206 542 353 603 iurando
378 540 430 616 (de
455 537 571 618 priscae
597 536 741 599 ecclesiae
766 536 861 599 sacris
887 536 1029 619 publicis)
1052 536 1191 600 adsentiri
1216 536 1339 617 possim,
1359 538 1427 619 jan

205 626 332 690 Maximi
357 625 555 688 'sancinensis
572 623 776 705 temporanei
794 624 874 686 circa
893 645 963 688 aaa.
980 624 1055 689 240.
1080 624 1186 700 floruit,
1211 623 1426 686 solennitatem

205 716 281 779 itanc
298 713 440 794 riguisse,
457 733 502 789 eo,
520 712 596 793 qood
614 713 650 772 de
667 713 794 773 nirenta
809 711 928 773 Domini
944 709 1094 773 homiliam
1110 710 1244 775 tannem
1260 711 1425 789 Maximus,

161 860 164 866 .
208 801 366 881 ambiguus
388 800 505 861 lraereo.
547 798 631 859 Duos
654 799 690 859 de
715 801 844 861 aduentu
866 798 976 861 domini
1001 818 1152 860 sermones
1178 798 1318 874 recitarit,
1346 819 1424 879 qnos

81 902 86 909 '
206 899 304 951 serrat
319 884 502 948 Bibliotheca
525 885 609 948 Max.
635 885 754 948 Patrunr
780 886 867 948 Turn.
892 885 944 950 vt.
970 885 1020 947 iol.
1037 886 1067 949 3.
1091 906 1119 949 a.
1152 885 1186 945 ln
1206 885 1299 965 primo
1323 882 1424 949 locum

206 973 312 1038 Mattlt.
329 973 400 1036 aa:
416 975 450 1035 ds
464 975 571 1035 duoles
586 980 617 1034 iu
631 994 688 1034 aaa
704 976 783 1046 lecto,
799 972 831 1033 in
848 972 956 1057 altero:
973 976 1007 1035 de
1021 974 1126 1034 dunler
1142 975 1304 1034 molentibus
1320 979 1350 1035 iu
1367 996 1426 1036 una

205 1069 324 1144 pistrino
341 1060 478 1143 explieat,
494 1081 531 1122 ne
547 1059 669 1122 verbulo
687 1059 766 1122 laeta
782 1061 928 1122 mentione
944 1059 1052 1138 dignae
1069 1059 1301 1140 praeparationis
1318 1062 1356 1122 ad
1373 1061 1425 1120 ia·
1477 1070 1482 1075 '

208 1160 291 1211 stans
309 1146 405 1210 natale
427 1146 544 1209 festum.
574 1146 641 1209 Nou
658 1157 753 1209 antero
772 1147 808 1224 is,
826 1148 874 1230 qni
893 1149 929 1208 de
944 1149 1071 1209 aduentu
1086 1146 1203 1208 Domini
1216 1167 1267 1227 pru
1280 1149 1426 1210 concione

207 1236 323 1298 locotus
348 1233 413 1311 luit,
438 1232 573 1297 solennia
598 1237 741 1296 adrentus
765 1235 882 1315 publice
908 1234 1006 1295 statim
1030 1233 1197 1296 celebrarit.
1230 1233 1376 1314 Reliquas
1392 1235 1426 1296 in

207 1326 349 1387 adrentus
374 1322 492 1386 Domini
517 1321 677 1384 concinnes
702 1322 731 1383 in
749 1319 827 1383 festo
844 1320 976 1384 natalitio
994 1320 1105 1400 habuit,
1129 1341 1184 1382 ceu
1201 1341 1239 1383 ex
1255 1320 1322 1401 ipsa
1341 1329 1427 1384 textu

206 1418 285 1493 patet
301 1431 327 1471 o.
342 1430 374 1489 g.
390 1411 467 1486 honr,
489 1411 518 1471 3.
536 1407 588 1471 lul.
604 1409 652 1470 a:
683 1414 718 1468 lu
737 1410 856 1470 aduentu
871 1411 1017 1486 dominico,
1040 1410 1148 1484 fratres
1169 1415 1318 1484 carissimi,
1342 1413 1427 1475 sulu-

205 1509 252 1559 tas
266 1508 308 1557 eat
321 1503 412 1557 omnis
426 1507 561 1576 paternus
575 1500 826 1574 praeuaricationis
841 1505 937 1568 matus,
961 1516 1041 1576 quem
1056 1497 1201 1556 diabolicis
1216 1496 1320 1556 dudum
1336 1498 1426 1572 frou·

119 1586 125 1594 ’
206 1585 286 1646 ddum
301 1588 420 1644 incurrit
435 1590 618 1645 airauumentn
633 1583 804 1642 mortalitor.
837 1585 924 1643 Adest
947 1589 1019 1644 euim
1042 1584 1121 1644 nodis
1135 1585 1204 1644 coeli
1219 1592 1360 1664 maeque
1370 1587 1425 1663 p'u·

206 1673 269 1749 dea,
292 1676 339 1750 qui
361 1676 478 1732 rescissa
502 1670 684 1749 aluiroprupiro
709 1670 885 1741 dalintonam,
911 1680 1019 1731 reatum
1043 1681 1169 1731 nastrum
1198 1676 1348 1732 muerutus
1369 1673 1426 1733 ul-

205 1760 298 1820 adata
326 1757 414 1817 Adest
427 1776 478 1819 rra
492 1757 540 1817 ille
554 1766 725 1832 mansuetus,
753 1763 800 1837 ‹pui
822 1778 872 1836 per
886 1764 981 1836 spatia
998 1763 1083 1818 tutius
1098 1758 1181 1829 arlia,
1198 1759 1322 1819 coelestia
1331 1759 1427 1836 justi-
1459 1822 1462 1828 ,

207 1850 263 1906 tius
279 1845 423 1924 'praesilius
447 1846 590 1921 incedens,
616 1845 813 1924 superbientem
838 1850 944 1906 inimici
966 1850 1093 1907 contrivit
1115 1841 1297 1918 tprannidaut.
1334 1847 1428 1907 Hodie

207 1953 327 2013 numque
349 1937 522 2011 parturiente
538 1932 642 1992 Maria
665 1942 750 1993 nature
773 1941 813 1992 art
837 1933 915 1992 uoltis
937 1936 990 1993 Dei
1012 1933 1097 2008 pilius,
1121 1941 1153 1991 ut
1174 1953 1308 2009 petamus
1330 1938 1430 1995 camis

206 2032 321 2083 andrae
340 2026 512 2100 conceptione
536 2020 698 2098 medeatur,
714 2030 806 2080 creato
829 2040 847 2079 a
870 2039 900 2078 as
921 2020 1027 2080 dontiui
1048 2030 1074 2078 et
1090 2024 1218 2097 pietatem
1233 2028 1381 2098 paternam
1396 2030 1428 2080 et

207 2110 367 2184 fruianum
392 2109 542 2185 inopinatam
568 2105 721 2181 affectum..
750 2104 841 2180 vtae,
867 2123 942 2183 quae
970 2125 1061 2184 snpra
1086 2107 1153 2166 snb.
1183 2107 1212 2167 1.
1238 2105 1427 2187 scripsimus.

209 2193 386 2274 Thsuplr.
409 2192 665 2273 Rayuaurlnm
690 2210 757 2252 raro
783 2199 814 2251 ut
838 2182 1029 2267 canimenos,
1054 2190 1102 2272 qui
1130 2213 1168 2252 ex
1185 2190 1276 2254 latina
1292 2192 1428 2277 Chryso·

207 2278 293 2341 stomi
312 2278 439 2340 editione
455 2276 656 2358 chrysostomi
679 2287 802 2339 aetatem
823 2275 900 2338 hrrnc
927 2277 1071 2358 attingere
1095 2280 1337 2342 consuetudinem
1353 2301 1426 2362 pro·

208 2367 280 2426 bare
297 2364 398 2440 uoluit,
421 2385 495 2445 opas
518 2385 577 2424 nou
603 2373 657 2441 est,
683 2385 749 2425 cnm
773 2364 838 2446 ipse
859 2363 1052 2429 infirmitatem
1077 2368 1240 2446 argumenti
1260 2368 1427 2447 agnouerit.

209 2452 271 2516 cu.
287 2452 432 2536 Ruynarm
448 2459 515 2515 tom.
532 2450 585 2514 lll.
603 2472 671 2533 opp.
689 2452 711 2515 l.
727 2450 802 2514 480.
819 2485 862 2498 -
1035 2468 1041 2479 ·
1390 2502 1398 2509 ,

295 2540 327 2604 4.
358 2540 524 2606 Veteres
562 2542 751 2622 quoruodn
794 2540 1002 2603 coluerint
1042 2544 1231 2604 adrentus
1269 2540 1402 2604 serias

208 2629 373 2693 Monachus
394 2627 425 2688 in
447 2626 635 2689 solitudinem
660 2628 831 2704 secessisse,
855 2639 887 2689 nt
911 2628 1091 2690 orationihus
1107 2638 1185 2690 tauto
1202 2628 1353 2690 ardentius
1371 2650 1426 2691 ra-

209 2725 319 2788 carem,
344 2725 446 2776 auctor
470 2725 514 2775 est
537 2716 661 2791 Bada,
686 2715 735 2797 qui
752 2718 787 2776 de
805 2716 963 2791 Eulimna,
988 2715 1227 2778 Lindisiarneusi
1248 2716 1342 2796 episc.
1360 2737 1428 2798 cap.

208 2792 261 2863 24.
277 2799 374 2876 nalem,
396 2803 468 2878 ‹prrod
484 2807 514 2861 iu
531 2808 676 2862 renuntiare
692 2825 710 2862 u
725 2809 893 2862 suouaateria
910 2805 969 2861 loco
985 2822 1093 2880 semper
1107 2805 1337 2881 quadragesimae
1353 2815 1426 2866 trur-

207 2908 261 2968 pus
277 2908 365 2965 apere,
382 2893 412 2947 iu
427 2885 478 2948 itai
494 2888 680 2966 quadrnpinta
697 2897 761 2948 uerte
775 2889 942 2948 dominicum
964 2890 1059 2947 nutele
1081 2889 1139 2947 dias
1161 2895 1192 2948 iu
1213 2910 1316 2967 mapna
1332 2899 1426 2953 eonti-

208 2980 302 3038 nentia
315 2977 450 3036 orationis
466 2984 492 3034 et
508 2976 691 3047 lumpurarum
707 2976 846 3034 (locotione
861 2975 958 3034 drrcare
974 2980 1171 3034 consueuerint.

296 3059 475 3145 affligebant
499 3080 606 3141 carpus
633 3059 755 3142 jejunio,
781 3062 859 3139 quod
883 3059 1015 3140 exemplo
1040 3057 1192 3122 Gallorum
1215 3081 1251 3121 ox
1278 3061 1425 3141 capitalis

209 3149 326 3229 Regum
350 3148 531 3209 Francorum
548 3142 577 3222 θ,
598 3148 679 3224 184,
716 3146 914 3227 Hispanorum
938 3170 975 3210 ex
991 3168 1103 3209 canone
1120 3167 1203 3209 eouc.
1220 3146 1365 3210 Eliburini
1384 3155 1425 3212 alu

209 3238 299 3301 laone
315 3246 343 3298 et
358 3236 528 3297 Burclrardo
547 3236 681 3313 adducto,
699 3233 859 3314 lngiorem
878 3256 913 3297 cx
929 3236 1019 3312 Beria,
1045 3235 1256 3298 Germanorum
1279 3257 1316 3298 ex
1340 3258 1426 3303 caue.
1492 3274 1496 3283 ι

87 3324 91 3327 ’
210 3323 395 3388 Frihnrionsi
414 3325 517 3405 proluat
533 3321 671 3404 'l'lreoplu
688 3323 869 3404 Raynaudus
885 3322 905 3384 l.
918 3344 943 3384 c.
956 3321 1062 3386 ilii).
1080 3323 1253 3389 Unirersale
1271 3332 1427 3406 propterea

209 3423 295 3475 vocat
320 3412 507 3473 lialranus
536 3411 591 3471 lroc
615 3409 759 3492 jejunium
785 3411 821 3470 de
847 3410 971 3474 institut.
988 3406 1094 3473 cleric.
1116 3408 1156 3487 2,
1180 3414 1231 3474 22.
1254 3411 1277 3475 l.
1294 3433 1333 3477 ιιι.
1351 3412 1427 3477 337.

210 3500 296 3581 cnjus
320 3497 395 3559 hacc
411 3498 608 3573 suntucrlra:
650 3504 710 3560 Hau
735 3519 798 3576 erpo
822 3504 988 3561 auctoritate
1011 3502 1122 3561 divinoe
1144 3505 1299 3579 scripturae
1313 3503 1426 3562 ecclesia

209 3608 312 3650 morem
327 3586 443 3647 uitiauit
458 3594 484 3644 et
501 3588 657 3647 trutinarsule
667 3587 806 3664 jejunium
822 3588 874 3646 luae
889 3588 1076 3648 obseruatione
1090 3588 1223 3648 celebrat:
1248 3590 1319 3668 prrod
1334 3598 1426 3649 tamea

187 3676 191 3687 '
206 3676 342 3756 jejunium
357 3678 490 3752 iunipirus
504 3677 534 3734 in
549 3693 620 3735 uoco
637 3694 736 3751 suanae,
752 3679 781 3735 iu
799 3676 931 3735 decimum
948 3675 1114 3752 ostenditur,
1131 3680 1149 3733 i.
1170 3696 1285 3755 auoque
1300 3677 1339 3736 ad
1355 3678 1427 3736 diem
1458 3719 1463 3726 ·

123 3786 127 3793 ·
209 3767 313 3827 natalie
332 3767 445 3823 Domini
459 3765 599 3840 partinpit.
633 3765 762 3839 Goupruo
785 3767 878 3841 itaqua
901 3764 1081 3842 dispositione
1102 3782 1123 3822 a
1139 3769 1283 3840 ruapistris
1298 3766 1427 3825 malenina

209 3855 259 3913 lton
276 3855 335 3914 loon
346 3851 485 3930 jejunatum
501 3850 739 3930 quadrupesimulo
754 3848 816 3924 {iuri
832 3856 1008 3911 constituemur
1024 3859 1075 3925 est,
1100 3859 1130 3910 ut
1147 3860 1211 3911 aute
1234 3851 1305 3912 diem
1319 3852 1427 3913 natalia

210 3943 325 3998 Domim
345 3939 452 4017 jejumo
475 3947 501 3998 at
524 3937 691 3998 minumae
716 3945 821 3997 aasuret
835 3942 913 4017 ipsas
929 3938 1264 4023 custipemuquuutenu's
1277 3945 1429 4003 seuientem

209 4025 388 4086 redemtorem
404 4029 490 4103 dipna
505 4030 711 4086 conuersatione
726 4030 866 4104 ausmpem
880 4029 1028 4105 possimus,
1045 4030 1116 4087 sicut
1132 4034 1197 4087 ante
1211 4035 1316 4105 tempus
1331 4046 1430 4089 rasur-

209 4115 339 4174 rertinuis
361 4113 421 4186 dus
443 4133 555 4175 cornera
577 4122 703 4174 uestram
726 4111 890 4192 afilipimua
918 4123 950 4174 ut
971 4119 1181 4176 assurrectionis
1202 4120 1333 4191 pretium,
1357 4133 1430 4193 quae

209 4221 259 4281 par
273 4203 366 4279 ipsum
387 4197 436 4273 tit,
458 4206 588 4280 consequi
610 4220 774 4261 mereamur.
797 4198 861 4263 cfr.
878 4201 913 4261 dc
935 4201 1000 4265 lroc.
1020 4198 1134 4282 jejunio
1158 4197 1429 4277 Filesauiuru‚

211 4306 298 4369 qnam
314 4283 539 4348 Ciacouinrnde
552 4285 674 4367 jejuniis
692 4286 840 4368 expilasse
862 4287 1080 4350 mordacissime
1096 4286 1288 4366 Raynanrl
1299 4308 1340 4359 ns
1357 4308 1430 4349 sen-

161 4416 164 4423 ·
211 4375 254 4454 tir,
272 4372 442 4438 Dartlrol.
459 4370 678 4455 (durantum
693 4377 761 4437 tier.
777 4396 883 4438 sncror.
899 4380 1002 4438 rituum
1018 4372 1191 4454 mumma.
1208 4372 1430 4441 lidumlllar-

212 4473 302 4527 tene
321 4464 354 4524 ds
369 4465 493 4543 antiquis
510 4463 705 4524 mosariorum
719 4463 818 4525 ritiiue
832 4485 861 4544 p.
878 4461 997 4531 auto.
