3144 5056
254 281 320 350 rsa
702 258 1017 351 'sammon

255 457 337 522 siros
363 462 393 518 ct
414 451 613 535 chronologos
636 454 823 519 amdasinos
854 463 992 520 omres
1015 461 1104 519 sama
1126 462 1180 517 est
1207 461 1243 516 st
1266 452 1493 537 dolenssrasl).

255 544 331 610 Nam
353 539 430 604 illud
454 538 544 620 plane
559 541 712 621 singulare
728 553 781 619 est,
795 546 884 624 quod,
907 545 959 624 qui
976 541 1187 609 diversissima
1212 542 1341 606 ratione
1363 543 1494 607 meatu

257 638 419 714 posuerant
433 628 472 690 ad
488 627 700 709 exquirendum
715 630 841 694 natalem
858 629 979 710 Christi,
998 638 1115 714 praeter
1130 627 1321 710 opinionem
1336 649 1427 694 suan
1440 651 1494 694 oo-

257 721 324 781 dem
348 714 568 789 sollicitaverint
577 712 632 793 *‘).

344 801 425 867 Nibil
451 810 548 863 auteur
573 801 692 865 dacibus
715 800 777 864 deri
799 800 909 881 potuit,
933 820 1020 883 quaem
1045 812 1078 864 nt
1102 821 1213 864 vm
1240 811 1368 882 tompus
1390 803 1493 867 naus

257 889 366 955 Christi
384 897 498 952 veteres
513 887 701 966 ignorarent,
726 885 809 949 nullo
826 887 920 951 tribus
947 887 1048 969 primis
1074 887 1190 951 seculis
1217 888 1305 952 festo
1329 890 1490 953 nativitatis

256 974 375 1040 Domini
393 973 559 1037 constituto.
591 976 625 1038 ln
641 995 701 1057 qna
722 975 864 1037 lesternrn
881 974 1104 1037 christianorum
1121 960 1208 1037 velut
1228 975 1425 1056 parsimonia
1445 996 1491 1039 so·
1557 974 1558 977 ’

256 1062 325 1126 sulo
339 1085 371 1145 p.
388 1061 459 1126 chr.
477 1061 566 1126 nlv.
582 1062 701 1126 insumo
718 1072 822 1144 coapta
839 1072 886 1124 est
900 1060 1017 1144 publice
1034 1063 1184 1127 celebrari
1204 1062 1356 1127 uafisitas
1368 1063 1490 1140 Domini,

214 1182 220 1191 -
257 1149 306 1212 dia
323 1151 355 1213 b.
368 1150 433 1231 jan.
450 1149 627 1230 conjunctim
645 1171 713 1212 enus
729 1149 815 1212 trinus
834 1149 1039 1211 beneficiorum
1056 1149 1218 1227 memoria,
1238 1149 1490 1215 manifestationis
1554 1162 1558 1171 ’

257 1238 290 1300 in
312 1236 476 1318 baptimo,
501 1235 533 1299 in
553 1240 681 1302 aduentu
705 1256 858 1316 magorum
883 1246 913 1298 et
932 1237 963 1298 iu
987 1237 1098 1318 nuptiis
1121 1237 1323 1299 Canasitieis
1350 1236 1488 1299 mbaonlo

189 1416 194 1421 ι
258 1322 414 1402 editum).
429 1322 489 1401 Qui
507 1323 569 1387 dies
586 1334 749 1406 propterea,
765 1324 843 1404 quod
853 1312 953 1403 ἐφάνη
969 1317 987 1382 b
1004 1310 1082 1394 Goba
1096 1310 1297 1404 &obpositione
1314 1312 1371 1383 ded
1387 1312 1489 1404 γεννή-

262 1481 488 1502 m

258 1625 316 1664 nam
342 1611 517 1679 dissipabant,
545 1613 589 1679 qni
611 1613 677 1664 ritus
706 1609 817 1662 Moesiae
841 1610 927 1662 sorbis
952 1611 986 1662 ad
1013 1612 1156 1679 antitypum
1184 1613 1347 1681 applicatus
1377 1611 1484 1663 videtur.

257 1678 348 1732 Nonne
367 1686 453 1731 uutsm
470 1679 648 1732 lebannes
668 1688 768 1749 tempus
787 1687 815 1730 et
832 1680 899 1730 diam
918 1680 1030 1731 natalem
1047 1679 1166 1743 Christi,
1197 1697 1283 1749 quern
1314 1682 1410 1748 talioni
1435 1687 1487 1730 tres

257 1748 315 1814 ejus
334 1748 405 1798 vitae
423 1749 564 1817 scriptores
582 1755 758 1816 praetereunt,
778 1749 829 1799 isto
846 1748 923 1798 unico
940 1749 1020 1799 verbo
1041 1749 1106 1798 satis
1124 1748 1246 1802 indicat:
1273 1745 1291 1802 ὁ
1312 1744 1399 1817 λόγος
1412 1739 1485 1809 duab

257 1827 348 1868 νωσεν
366 1813 398 1867 ιν
423 1810 501 1880 ἡμῖν.
538 1816 594 1883 Quo
615 1819 716 1885 quidem
743 1817 822 1868 verbo
841 1816 1016 1880 demonstrat,
1046 1817 1217 1869 tentoriorum
1243 1815 1422 1875 {ludaicorum
1440 1830 1485 1866 au-

257 1885 368 1953 titypura
388 1884 414 1934 in
432 1883 494 1935 lesu
514 1886 688 1951 qnaorsudnm
706 1900 774 1950 asso,
796 1887 821 1936 iu
842 1900 892 1951 quo
912 1884 1044 1936 babitaret
1060 1886 1197 1952 plenitudo
1213 1888 1379 1939 divinitatis
1397 1900 1485 1950 corpo·
1517 1948 1522 1955 ¹

258 1954 358 2006 salites
375 1951 432 2007 Cel.
450 1952 472 2004 l.
493 1958 519 2006 2.
538 1961 566 2005 et
584 1956 628 2021 qni
645 1955 701 2020 ipso
718 1953 853 2005 tabernac.
880 1952 947 2003 festo
973 1954 999 2003 iu
1017 1967 1096 2004 carna
1118 1968 1250 2020 apparens
1284 1953 1411 2006 maximis
1428 1964 1486 2016 gas·

257 2021 323 2072 tium
341 2021 486 2088 plausibus,
506 2023 642 2074 occasione
660 2022 720 2074 lasti
738 2022 885 2085 laetissimi,
904 2029 1027 2087 exceptus
1046 2029 1125 2071 esset.
1163 2018 1325 2074 innotuerat
1342 2023 1413 2073 enim
1431 2033 1484 2086 pro·

258 2089 353 2142 ntum
372 2088 482 2142 Messius
501 2091 549 2157 piis
567 2088 599 2143 V.
610 2089 642 2142 Τ.
655 2091 702 2142 sub
722 2091 797 2141 titulo
814 2089 986 2152 tabernaculi,
1006 2090 1216 2155 quemadmodum
1237 2091 1374 2142 Petrus
1392 2087 1483 2140 Atttx

259 2174 274 2208 s
295 2159 436 2209 reconditis
453 2160 596 2226 sapientiae
620 2159 744 2226 judaiuns
762 2159 890 2209 thesauris
908 2164 998 2207 contra
1017 2156 1169 2208 Sooiuianos
1186 2160 1317 2223 ostendit,
1333 2151 1386 2210 τόν
1402 2150 1484 2220 λόγον

257 2219 447 2277 duomantala
471 2227 632 2278 tabernaculi
662 2227 763 2277 nomine
782 2227 808 2275 in
833 2225 865 2280 V.
885 2223 916 2275 T.
937 2224 1017 2276 labes
1036 2226 1194 2289 insignitum.
1234 2227 1332 2294 ltaqne
1354 2227 1411 2276 volt
1427 2223 1482 2274 lo·

193 2324 200 2331 κ
259 2293 408 2347 hanuet:
441 2295 530 2344 eudem
556 2294 680 2345 trinitatis
701 2308 829 2360 persona,
863 2309 929 2360 quse
954 2294 1107 2362 scriptorum
1131 2294 1307 2362 popularium¹
1324 2292 1481 2355 testimnio,

259 2357 338 2411 Verbi
368 2362 469 2413 nomine
487 2361 605 2425 patribus
632 2369 710 2422 nota,
732 2361 765 2411 ab
787 2360 934 2413 tomiano
959 2363 1032 2426 visa,
1058 2378 1116 2413 cour
1135 2362 1233 2414 Jacobs
1260 2365 1432 2424 contionata,
1450 2359 1479 2409 ab
1522 2366 1524 2373 '

260 2426 387 2479 Israelitis
407 2430 515 2478 adorata
534 2425 593 2489 luit,
612 2441 679 2492 qnae
698 2427 744 2477 lros
762 2428 865 2478 eosdem
890 2445 922 2478 cx
945 2429 1070 2479 servitute
1088 2432 1248 2547 Aeepptiaca
1276 2434 1305 2482 iu
1333 2430 1477 2482 liber-tutan

258 2494 402 2546 vindicavit
422 2502 449 2546 et
465 2496 492 2546 in
511 2495 624 2547 Arabiae
642 2495 762 2558 desertis,
781 2496 835 2559 ianr
850 2496 930 2547 nobes
944 2495 1000 2561 jans
1017 2498 1118 2548 damma
1153 2499 1219 2560 nxit,
1238 2514 1309 2564 quas
1328 2496 1479 2563 intencio

259 2560 344 2616 rubim
361 2564 460 2615 resedit
475 2570 502 2614 et
518 2578 584 2631 quae
608 2570 729 2631 tanquam
748 2564 943 2616 tabernaculum
962 2565 1106 2616 divinitatis
1129 2567 1156 2616 io
1181 2567 1283 2617 bonine
1313 2565 1476 2634 stupendum,

259 2633 316 2699 ipso
336 2633 472 2683 manusc.
492 2632 558 2683 leuto
576 2632 772 2684 tabernaculum
790 2649 864 2683 sunm
883 2634 909 2683 iu
927 2633 1001 2683 uobis
1021 2635 1122 2700 posuit,
1152 2641 1182 2684 nt
1199 2635 1279 2700 ipsius
1299 2636 1383 2686 ductu
1401 2639 1478 2697 atqua
1556 2654 1557 2657 ¹

261 2700 358 2750 numlio
379 2700 411 2750 ad
431 2706 538 2751 actenus
556 2701 601 2750 ills
619 2701 798 2765 tabernacula,
818 2701 925 2752 induitis
942 2702 1044 2765 gaudiis
1063 2717 1109 2752 nos
1127 2702 1301 2768 completura,
1325 2717 1406 2769 quarn
1423 2698 1480 2750 leli·

260 2766 363 2816 olssisna
381 2774 517 2833 penetrare
536 2768 671 2834 possimus.
709 2769 792 2818 Credo
810 2770 899 2831 igitur,
918 2785 966 2819 non
985 2771 1053 2834 qnod
1070 2776 1142 2821 corto
1161 2772 1257 2833 sclam,
1277 2772 1326 2821 sod
1346 2770 1415 2837 quod
1437 2780 1478 2817 na·
1556 2756 1557 2803 ἶ

259 2833 410 2885 tiouabillss
427 2834 530 2898 errabo,
550 2835 571 2884 si
591 2849 668 2897 erro,
690 2836 756 2885 diem
777 2837 817 2889 15.
844 2834 911 2885 Tisrl
931 2837 1006 2886 bodie
1022 2842 1049 2889 t.
1071 2838 1171 2903 octobr„
1193 2840 1289 2900 uestri,
1309 2840 1358 2903 qui
1382 2836 1475 2904 prinus

260 2908 317 2952 erat
335 2899 395 2953 lasti
415 2901 640 2951 tabernaculorum
648 2903 744 2965 (Nam.
764 2901 809 2964 to,
828 2901 886 2967 ts),
908 2917 966 2952 esso
985 2904 1097 2952 numleur
1114 2902 1139 2952 l.
1159 2904 1190 2953 (2.
1210 2912 1264 2967 aut,
1286 2920 1320 2954 ne
1335 2903 1477 2973 Quintsde·

260 2969 375 3018 cinnanos
395 2968 495 3033 videar,
515 2983 572 3020 esse
592 2968 709 3019 ultimum
729 2968 789 3019 lesti
807 2969 884 3032 diem,
907 2970 949 3034 qui
970 2983 1050 3033 seque
1069 2985 1099 3018 ao
1118 2971 1214 3034 polmus
1242 2972 1357 3021 maxims
1382 2972 1476 3025 subsa-

260 3037 300 3087 sis
321 3043 388 3088 erat.
407 3035 492 3087 Primo
510 3037 590 3101 ἰςίιιιι·
607 3037 720 3087 ineuntis
738 3037 797 3086 suni
816 3036 900 3088 civilia
917 3051 1013 3098 mense,
1032 3051 1081 3102 quo
1095 3042 1199 3086 veteres
1217 3038 1339 3087 muudum
1359 3046 1475 3090 croatam

260 3105 288 3154 et
305 3104 435 3156 eonditum
450 3104 630 3168 crediderunt,
650 3121 695 3156 rex
716 3105 846 3172 apparuit,
865 3106 907 3170 qni
927 3104 1049 3171 epocham
1073 3110 1195 3155 selerne
1215 3105 1307 3156 salutis
1325 3105 1475 3158 inclinaret

259 3170 292 3224 V.
312 3173 517 3238 Ligbtlooti
536 3174 554 3224 ι.
576 3191 599 3224 s.
619 3174 783 3238 seutentiam,
803 3173 828 3223 in
848 3189 915 3239 qna,
939 3173 1002 3225 licat
1018 3173 1100 3224 multa
1124 3181 1224 3237 sumat,
1255 3174 1362 3225 innixus
1389 3173 1475 3226 lallatr'

260 3241 395 3294 traditioni
412 3242 578 3306 ludaeorum,
598 3243 723 3308 quaedam
738 3249 827 3293 tamen
848 3244 936 3293 insunt
960 3241 1165 3293 adsentantium
1188 3249 1301 3293 nostram
1321 3242 1475 3294 coulirnaa·

261 3311 320 3363 dam
332 3311 435 3363 idonea.
471 3309 560 3378 Neque
578 3312 645 3362 euius
660 3310 759 3376 jndicio
777 3311 826 3362 bac
845 3311 870 3362 ln
889 3326 918 3362 re
937 3309 1073 3378 acquiesco
1092 3311 1362 3375 baumgartenii
1387 3324 1471 3378 progr.

260 3379 307 3430 cit.
327 3381 517 3432 contantiensis
538 3395 569 3431 ue
588 3381 805 3446 comparationem
823 3378 882 3430 lasti
900 3379 1128 3431 tabernaculorum
1141 3394 1199 3430 curn
1214 3380 1395 3431 incarnatione
1411 3377 1470 3455 ,Ιιιὶις
1554 3374 1555 3399 l

260 3447 282 3498 ι.
303 3446 345 3498 rt.
365 3447 574 3513 ingeniosioram,
591 3463 668 3516 qnam
689 3449 815 3499 variarent
834 3447 960 3514 dicentis,
983 3447 1194 3515 quemadmodum
1221 3463 1268 3498 nee
1288 3448 1375 3499 omnia
1393 3444 1470 3498 tttdb
1499 3450 1503 3459 “

263 3515 403 3568 Bisialoai
420 3516 517 3582 placita
535 3518 613 3568 velim
631 3518 777 3568 admittere.

301 3581 358 3651 -*)
378 3581 552 3636 Erasmurn
581 3585 793 3637 Schmidium
821 3586 854 3636 sd
879 3583 938 3635 lob.
962 3581 1007 3636 tlt.
1032 3587 1076 3637 30.
1106 3583 1182 3635 lob.
1203 3583 1419 3637 ldarduinuar
1444 3580 1467 3630 io

259 3652 381 3707 datisrb.
398 3651 684 3716 Ligbtlootnml.
706 3670 740 3717 o.,
757 3669 807 3720 qno
827 3653 904 3705 etiam
923 3653 1052 3704 referendi
1080 3660 1157 3715 suut,
1184 3653 1227 3719 qui
1246 3653 1467 3705 ubemaaulorm

180 3721 184 3728 '
261 3721 327 3774 lasti
346 3720 476 3773 Christum
495 3729 583 3773 natum
600 3723 698 3785 dicunt,
713 3722 763 3773 etsi
778 3722 825 3772 sub
838 3722 939 3773 initiam
951 3721 1074 3784 octobris,
1094 3727 1124 3772 nt
1140 3719 1210 3773 Mat
1220 3721 1246 3772 ι.
1265 3720 1465 3779 beroaldus,

259 3790 328 3843 los.
348 3789 528 3855 Soalisser,
548 3789 589 3844 ls.
608 3789 851 3854 casaubonus,
873 3788 964 3840 Seth.
986 3788 1183 3841 Calvisius.

330 3858 377 3924 “l
398 3858 448 3924 lta,
468 3858 510 3925 qui
528 3873 561 3911 sx
578 3866 693 3926 tempore
711 3873 804 3910 census
825 3857 968 3926 Quiriniaui
987 3873 1079 3909 eruore
1099 3873 1130 3910 sc
1147 3858 1270 3923 contessa
1287 3865 1388 3927 tempus
1403 3852 1466 3907 nali·

260 3928 351 3978 vitulis
366 3927 391 3978 l.
407 3927 438 3979 C.
448 3928 596 3991 voluerunt,
614 3927 715 3994 mando
734 3934 884 3994 posuerunt,
901 3925 1045 3992 Quirlnlnm
1063 3933 1121 3994 pest
1134 3934 1285 3981 conventum
1296 3928 1465 3994 &meantem

260 3994 358 4045 ultimis
378 3997 509 4048 unsasilsus
527 3996 628 4063 imperil
646 3991 791 4059 Saturnini,
820 4002 880 4046 ants
898 3994 929 4061 Q.
951 3992 1015 4046 Vani
1032 3995 1179 4060 adventurn,
1199 4010 1305 4048 censum
1322 3996 1415 4060 egisse,
1430 3991 1465 4042 in·

260 4068 388 4129 venerunt
407 4078 519 4116 menum
536 4065 724 4133 septembrem,
749 4071 779 4115 ut
797 4063 1020 4127 lietduinus,
1042 4063 1257 4116 bardasrus.
1294 4064 1334 4117 lta
1361 4073 1464 4138 quosatp

261 4129 306 4195 qul
324 4136 407 4179 susnlo
426 4138 541 4201 ternpore
560 4133 656 4200 publici
665 4133 801 4185 ministerii
822 4131 919 4184 (issisti
937 4132 1046 4184 moruus
1065 4147 1190 4184 cosmum
1207 4146 1265 4183 cum
1280 4132 1387 4184 dimidie
1399 4133 1464 4181 terbt
1551 4172 1552 4193 t

188 4226 194 4237 ι
261 4212 295 4247 ex
313 4194 380 4247 Dan.
401 4198 428 4260 9,
448 4204 490 4251 27.
512 4208 538 4252 at
554 4201 605 4253 flxo
624 4202 681 4267 ejas
704 4201 831 4269 baptismo
850 4201 879 4253 in
904 4214 997 4253 annam
1016 4201 1110 4254 aetatis
1127 4202 1171 4253 30.
1190 4206 1271 4253 mmm
1288 4202 1367 4252 sitan
1384 4197 1478 4275 ludat*
1551 4206 1552 4261 3

218 4278 225 4284 ·
261 4264 340 4316 barris
358 4263 454 4316 Christi
471 4270 506 4320 32
523 4271 598 4323 anuis
616 4276 644 4321 et
661 4282 708 4323 sex
727 4271 868 4334 mansibus,
889 4276 951 4336 quot
965 4269 1028 4322 ‘olim
1047 4267 1130 4321 ilarii
1149 4267 1333 4334 Hierosolymis
1352 4265 1463 4333 Mum
1551 4266 1552 4319 Ῑ

260 4337 301 4395 (ι.
321 4331 390 4386 Satn.
409 4334 437 4397 5,
455 4332 496 4392 4.)
514 4335 679 4400 definierunt,
701 4344 779 4405 atque
796 4339 862 4390 adeo
879 4338 1023 4390 renonibus
1043 4352 1058 4387 a
1076 4342 1159 4388 monte
1177 4336 1235 4402 ejus
1250 4344 1321 4389 retro
1349 4338 1464 4404 nobiti*
1549 4398 1551 4411 ,

261 4400 454 4467 dedicati.
476 4401 510 4453 Sa
555 4398 1126 4470 mbris'edscerunmtLigbtlootas.·
1202 4426 1204 4435 ·
1454 4444 1458 4451 .

330 4468 397 4539 m)
417 4468 483 4524 Vide
520 4486 554 4523 os
582 4472 761 4537 sinebant
783 4476 857 4542 orie.
875 4476 1038 4543 osstioalt·
1061 4475 1126 4527 scol.
1147 4471 1206 4527 vot
1226 4474 1253 4532 Θ.
1269 4490 1294 4540 p.
1312 4473 1355 4528 67.
1383 4467 1466 4527 boiol*

718 4604 723 4611 x

480 4648 485 4667 l

1452 4622 1459 4635 .
1548 4464 1551 4641 l
