3202 5062
601 862 604 873 .
809 802 974 889 XX..

254 1026 360 1184 ion
386 1024 544 1179 reor.
571 1026 1008 1178 aetermam
1030 1088 1087 1174 m
1109 1048 1196 1174 ovo'
1215 1038 1470 1227 puerum

335 1312 389 1374 lle
413 1331 481 1374 oro
506 1307 697 1391 paschali
722 1308 856 1372 dicturus
873 1307 950 1372 viam
968 1306 1087 1371 emetiar
1108 1306 1189 1369 haud
1204 1306 1291 1389 plane
1310 1307 1473 1393 interlam3

255 1399 362 1464 etenim
386 1419 444 1461 uon
470 1397 590 1460 defuere
618 1396 672 1459 riri
695 1397 872 1483 doctissimi,
897 1397 947 1481 qui
972 1395 1223 1461 accuratissimam
1249 1417 1333 1463 suam
1357 1396 1471 1463 falcon

138 1480 149 1493 ²
253 1490 330 1551 baur
351 1487 382 1548 iu
407 1505 530 1549 messem
554 1484 683 1560 misereo
708 1486 751 1548 M.
776 1486 856 1549 Jolr.
883 1478 1252 1566 Grossgeba'uerus
1272 1498 1301 1548 et
1324 1486 1367 1550 Μ.
1385 1487 1470 1553 Jolr.

254 1577 279 1639 F
291 1573 495 1636 riderirns
511 1570 733 1635 Mickelius
751 1585 849 1651 erant,
875 1573 924 1654 qni
947 1573 1024 1636 istud
1041 1572 1151 1654 negotii
1168 1571 1225 1635 sibi
1255 1574 1351 1635 datum
1369 1574 1470 1639 luisse

254 1664 459 1738 crediderunt3
475 1659 550 1724 alter
560 1660 590 1722 in
603 1674 817 1743 programmate
828 1660 975 1743 quopiam,
988 1661 1063 1724 alter
1075 1682 1144 1723 reru
1156 1659 1186 1721 iu
1203 1660 1302 1722 Oolo
1310 1660 1378 1741 gia
1392 1683 1470 1745 pa-

254 1749 386 1814 schali
407 1770 466 1811 uon
488 1748 600 1810 infelici
625 1769 769 1813 successu
794 1750 873 1822 bunc
895 1761 1037 1813 tractasse
1059 1749 1192 1811 ridentur
1215 1745 1356 1813 laborem.
1400 1751 1469 1814 lans

185 1904 192 1915 Ι
255 1839 384 1901 omnium
402 1837 613 1920 sapientiorum
628 1858 775 1900 consensu
792 1838 887 1899 radiat
904 1837 1021 1916 recitas,
1043 1858 1100 1898 non
1118 1835 1269 1897 incussam
1285 1857 1386 1917 agere,
1415 1839 1468 1923 qui

254 1925 389 1990 momenti
400 1927 553 2008 cujusdam
570 1925 749 1988 obscurioris
760 1923 954 1988 illustrationi
970 1923 1135 2004 fulgentius
1146 1924 1308 1986 accendere
1325 1935 1468 2006 satagunt

252 2011 364 2079 lumen.
410 2015 490 2077 Satis
508 2013 709 2076 excusationis
726 2024 813 2090 osset,
831 2013 888 2074 nisi
907 2023 936 2075 et
950 2009 1024 2074 illud
1040 2014 1194 2074 accederet
1203 2013 1379 2093 argumenti,
1397 2034 1466 2078 esse

252 2104 304 2166 illa
321 2101 467 2186 opuscula
484 2101 592 2165 noeais
607 2100 655 2162 bis
671 2101 731 2161 oris
748 2102 826 2163 baud
843 2121 915 2164 sane
930 2097 1122 2182 pervulgata,
1140 2099 1209 2182 quia
1226 2111 1254 2162 et
1269 2120 1351 2163 nreos
1368 2104 1465 2166 adbuc

253 2191 469 2272 subterfugisse
486 2190 598 2252 oculos.
633 2189 735 2269 ltaque
753 2188 846 2270 ipsius
861 2187 906 2250 rei
922 2188 1081 2270 primordia
1095 2187 1200 2249 moliar
1209 2212 1218 2263 3
1234 2188 1405 2271 priusquam
1424 2194 1463 2254 ad

252 2279 422 2341 interiorem
445 2277 534 2360 bujus
555 2276 629 2338 ritus
654 2276 804 2357 paschalis
828 2275 1053 2358 explicationem
1077 2275 1261 2357 pertingam,
1294 2274 1408 2359 aliquid
1429 2280 1462 2341 in

251 2366 424 2431 uuiversum
442 2369 477 2427 de
495 2364 611 2446 origiue
627 2363 850 2426 consuetudinis
866 2385 988 2427 munera
1005 2363 1150 2426 diribcndi
1170 2361 1399 2445 praelibaturus.
1524 2372 1527 2373 ’

340 2453 407 2519 Vita
421 2453 548 2517 heminis
564 2451 633 2515 licet
651 2450 749 2516 multis
774 2451 970 2515 calamitatuni
992 2452 1119 2536 jactetur
1142 2452 1294 2532 ductibus,
1318 2454 1462 2517 candidus

250 2542 442 2606 nibilominus
466 2543 609 2605 interdum
633 2540 730 2604 redire
752 2541 829 2604 solet
844 2542 918 2620 dies,
940 2540 990 2622 qui
1013 2540 1141 2603 animum
1168 2538 1292 2603 mirilico
1313 2541 1464 2623 perfundit

249 2630 370 2695 laetitia.
395 2629 584 2708 Mortallbns‚
601 2649 725 2710 quorum
739 2641 843 2711 pectus
859 2630 969 2710 gaudio
985 2638 1083 2708 tumet,
1104 2627 1183 2691 baud
1200 2649 1296 2709 panea
1313 2650 1461 2693 cuman-

251 2729 298 2781 tar
314 2719 496 2794 solidamina,
518 2738 594 2798 qnae
611 2716 747 2781 affectum
763 2718 850 2781 istum
867 2718 1030 2796 retardent;
1060 2717 1190 2799 potiores
1206 2718 1309 2798 gaudii
1331 2739 1461 2783 remores

249 2805 425 2868 indicemus.
469 2806 573 2882 Homo,
592 2804 679 2885 cujus
697 2805 1044 2888 laetitiaferretpeetus,
1061 2805 1253 2882 censoriis,
1275 2806 1325 2887 qui
1344 2807 1390 2871 rel
1407 2808 1460 2870 tri-

249 2893 342 2956 stiora
367 2893 590 2975 perpetiuuutur
606 2894 684 2971 lata,
712 2891 758 2955 rel
782 2894 834 2974 qui
850 2913 977 2975 aequum
992 2892 1139 2974 nullisque
1159 2894 1361 2975 perturbatum
1385 2894 1461 2958 affe-

250 2980 481 3061 ctibusgestant
496 2981 634 3053 animum,
657 2990 799 3042 versatur.
843 2980 939 3061 igitur
954 2991 1094 3062 gravatus
1111 2982 1213 3062 gaudii
1230 2980 1381 3060 affectum,
1400 3003 1460 3064 quo

136 3140 139 3146 .
249 3076 414 3146 exaestuat,
430 3069 507 3131 iutra
523 3068 570 3130 sui
588 3067 682 3150 ipsius
700 3066 828 3150 peomne
845 3067 993 3133 caucellos
1009 3068 1147 3146 retinere,
1167 3068 1320 3131 confestim
1335 3070 1371 3131 de
1387 3069 1459 3132 aliis

247 3156 279 3219 in
296 3157 464 3222 societatem
482 3156 610 3219 laetitiae
626 3156 792 3218 alliciendis
811 3155 939 3237 cogitat,
955 3150 1046 3237 idque
1064 3168 1149 3237 prout
1165 3156 1277 3220 viribus
1293 3152 1386 3233 valet,
1408 3155 1460 3221 rel

248 3246 351 3329 majori
375 3243 422 3308 rel
437 3244 542 3307 minori
557 3265 625 3306 cam
644 3262 789 3307 successu
805 3244 940 3306 conficiet
956 3243 1086 3325 negotii;
1115 3251 1274 3308 occurrunt
1289 3244 1384 3326 primo
1399 3244 1458 3307 bo-

246 3334 342 3396 mincs
357 3333 526 3397 illaetabills
543 3332 630 3414 plane
646 3331 840 3395 conditionis:
869 3332 1048 3413 objiciuntur
1064 3333 1129 3415 ejus
1145 3332 1238 3409 risui,
1261 3333 1312 3415 qui
1327 3345 1460 3398 extrema

248 3441 314 3484 cum
338 3432 508 3503 paupertate
532 3420 697 3498 luctantum
731 3419 841 3484 laetitia
864 3420 988 3483 affectus
1006 3441 1097 3501 aegre
1121 3412 1178 3483 lert
1202 3419 1346 3484 misellam
1372 3421 1459 3484 istan

246 3521 366 3573 sortem.
402 3508 481 3572 Hinc
498 3529 642 3591 pauperes
667 3508 864 3571 munificentia
891 3511 968 3587 beat,
995 3518 1117 3589 argenta
1143 3506 1304 3584 exhilarat,
1328 3509 1458 3573 animun

208 3620 218 3634 r
247 3599 356 3662 addere
392 3599 498 3675 audet3
528 3616 650 3679 prorsus
672 3608 705 3658 ut
734 3596 867 3659 interiori
899 3596 1025 3677 pectoris
1052 3595 1171 3658 affectui
1199 3593 1313 3657 urrllum
1341 3598 1461 3663 resistat

249 3684 475 3761 offendiculum
503 3689 714 3760 obversantur,
742 3685 791 3767 qui
809 3685 978 3747 carceribus
1002 3682 1105 3745 intrusi
1126 3683 1283 3747 durissimo
1300 3683 1379 3747 ritae
1401 3679 1459 3765 ge·

244 3795 316 3838 nere
331 3772 468 3838 miseram
486 3774 604 3836 trabunt
619 3773 754 3834 animam.
796 3772 893 3836 Homo
911 3770 1007 3834 laetus
1030 3791 1086 3834 nec
1108 3771 1160 3835 iilo
1184 3771 1353 3853 spectaculo
1380 3772 1457 3836 sffe-

244 3870 333 3938 otum,
350 3862 402 3944 qui
417 3862 447 3924 iu
462 3863 559 3926 auimo
577 3858 712 3943 pullulat,
729 3858 848 3923 retineri
864 3861 982 3941 patitur,
1025 3859 1110 3925 Vires
1136 3859 1163 3921 si
1181 3863 1241 3921 sint
1256 3859 1457 3942 angustiores,

243 3953 281 4012 ad
300 3950 447 4013 minimum
474 3950 643 4013 munoribus
660 3947 797 4010 exhibitis
813 3949 955 4027 ergastuli
972 3948 1134 4011 molestiam
1157 3945 1246 4010 ierat.
1279 3948 1335 4027 Stin
1358 3969 1456 4010 rerum

244 4039 409 4099 moderetur
424 4039 549 4113 claram,
567 4037 711 4120 squalenti
731 4035 859 4101 carceris
878 4037 998 4118 pulvere
1015 4057 1135 4118 pressos
1152 4035 1242 4097 fariis
1258 4035 1374 4098 liberat.
1396 4036 1456 4099 Oo-

243 4136 367 4188 curruut
384 4126 487 4187 deinde
507 4127 614 4189 loruioi
632 4123 803 4199 exhilarato,
821 4125 1014 4206 quicelmum
1033 4124 1111 4188 omui
1127 4123 1235 4188 affecto
1257 4122 1359 4185 forent
1377 4122 1456 4187 libe-

242 4234 325 4286 rum3
350 4210 402 4274 ille
419 4226 447 4276 et
464 4215 516 4277 bos
532 4217 569 4276 ud
588 4215 722 4287 eundern,
739 4232 795 4293 quo
812 4213 876 4295 ipso
894 4216 1018 4291 exultal3
1039 4233 1178 4276 rerooaro
1196 4209 1457 4291 erogandarum

241 4301 340 4365 serbis
359 4323 431 4364 usus
449 4306 485 4366 ad
504 4302 660 4365 maximam
674 4297 851 4366 bilaritatem
868 4302 1048 4386 compositis.
1073 4301 1139 4366 Noa
1156 4299 1271 4385 pigebit
1288 4297 1456 4385 exemplum

233 4444 472 4469 m

309 4522 695 4609 *retrocesserat
741 4502 745 4513 '
