3192 5056
590 298 626 359 de
641 260 823 363 hebdomade
839 315 957 378 magna.
1096 392 1100 405 ,
1318 292 1382 361 133

169 470 260 555 spurca
280 468 453 618 θεραπείᾳ.
498 463 560 531 Διὰ
579 467 675 531 τοῦτο
698 466 834 532 καὶτῶν
857 462 1119 568 durumnume'
1084 491 1140 541 τας
1165 458 1272 550 θύρας
1302 461 1382 532 3πέ-

167 562 304 621 αλαααν
320 559 407 639 upysi
407 578 462 631 τω,
478 558 572 638 φησὶ,
589 555 676 658 πᾶσα
692 549 924 640 ἀμφισβήτησις
939 555 988 616 aui
1004 545 1103 639 μάχης
1119 549 1202 662 εἶδοςΙ
1220 554 1269 618 rui
1285 579 1382 635 τιμω-

167 645 244 728 piac,
252 639 554 707 &emercarentur
569 633 751 728 prandeatur
765 641 932 744 δημίων
899 665 932 703 ue
944 650 1050 724 χεῖρες,
1068 634 1155 703 καινὰ
1167 666 1206 704 τα
1197 638 1382 744 κατορθω

168 752 260 811 paru
275 753 333 794 rou
320 724 508 794 δεσπότου
531 729 644 813 piperi,
660 729 804 813 γενέσθω
821 721 877 811 δή
879 753 910 789 τι
927 730 978 790 aul
998 726 1096 812 παῤ
1079 729 1166 833 appuis
1181 728 1244 791 τῶν
1260 721 1382 797 δούλων

169 809 306 901 ἀγαθόν.
328 819 456 886 Exstant
464 818 561 880 hanc
551 840 582 880 ru
600 819 773 883 sententiam
791 819 885 880 edicta
901 818 1108 897 imperatorum
1124 818 1154 878 in
1173 821 1270 881 (lodice
1288 823 1381 882 ttae-

169 910 299 983 dosicao,
315 927 390 988 quae
406 909 442 967 ad
460 905 633 969 illustranda
649 905 847 987 chrysostomi
868 906 961 967 rerba
983 904 1032 966 lric
1054 905 1239 986 adjiciemus.
1269 904 1382 970 Valeo-

166 994 313 1072 ‘tioiaaua
337 992 529 1056 Theodosius
545 1003 573 1056 et
590 993 733 1055 Arcadios
750 993 769 1055 Ι.
787 994 817 1055 2.
835 997 870 1055 de
890 992 974 1054 feriis
992 998 1129 1055 :Sancus
1143 1015 1248 1075 queque
1262 999 1383 1077 pascuus
1406 1058 1412 1065 ,

169 1084 238 1157 dice,
256 1090 304 1163 peri
317 1090 422 1162 septeni
444 1084 487 1143 uel
502 1083 668 1162 praecedunt
685 1101 799 1143 uumere
815 1085 858 1143 uel
874 1090 1025 1160 asumuntur
1040 1084 1180 1149 iraeadem
1195 1083 1383 1145 clementiano

170 1190 364 1245 moramur,
381 1179 413 1230 ut
427 1190 483 1231 noa
499 1175 557 1230 siat
572 1170 631 1230 dies
644 1171 772 1244 itendioi,
789 1171 838 1229 scd
852 1171 902 1243 fus
918 1175 965 1245 sit,
980 1189 1026 1229 eus
1044 1171 1102 1228 dies
1113 1189 1224 1229 munere
1234 1172 1382 1244 [emonem.

171 1256 418 1333 Valentinianus,
446 1255 557 1339 Valens
574 1266 602 1317 et
619 1254 779 1317 Gratianus
794 1254 814 1318 l.
833 1256 864 1318 3.
883 1256 919 1316 dc
940 1254 1131 1333 indulgentiis
1148 1254 1318 1316 eriminum:
1340 1260 1382 1320 03

171 1346 244 1406 diem
269 1347 399 1424 pusulae,
425 1364 503 1424 quamn
526 1350 624 1405 intimo
640 1346 720 1405 corde
735 1345 858 1415 colimus,
876 1344 1010 1417 omuibus,
1028 1364 1095 1423 mres
1110 1353 1204 1404 reatus
1222 1346 1381 1422 adstringit,

168 1433 400 1508 materiariam,
418 1434 542 1492 clausisti
558 1433 745 1492 dissolvimus.
775 1435 905 1491 Attamen
926 1433 1087 1508 sacrilepaa,
1104 1436 1134 1491 ia
1149 1433 1293 1505 uruiestute
1307 1452 1382 1510 ruer,

168 1518 305 1595 mnefteas
324 1525 382 1581 sire
397 1520 548 1594 materiata,
565 1521 685 1594 adulter,
714 1527 821 1597 suptus,
850 1520 987 1578 loruieidu
1003 1524 1191 1578 communione
1205 1524 1288 1579 istius
1304 1521 1382 1596 juris
1503 1528 1513 1549 ⁸

168 1616 343 1686 reperentur.
375 1604 562 1686 Atqoelranc
578 1604 791 1686 indulgentiam
814 1603 978 1684 septimana
994 1603 1193 1684 antepaschali
1211 1605 1382 1668 exercuisse

168 1695 374 1774 imperatores,
390 1692 473 1755 testis
490 1693 567 1754 idern
587 1696 807 1768 clauseramus,
830 1689 987 1752 lromilia
975 1712 1035 1772 Jam
1052 1692 1222 1753 adductam
1246 1713 1382 1772 magnam

170 1781 398 1865 hebdomadem
414 1779 455 1842 ait
471 1781 556 1857 enim,
575 1799 626 1841 eos
644 1778 702 1842 allo
719 1779 805 1841 etiarn
821 1778 1017 1841 annotationis
1033 1777 1382 1878 genereillamproseqai

173 1868 300 1930 caeteris
317 1867 435 1933 minime
449 1868 609 1929 inferiore:
626 1848 772 1968 piacularia
789 1864 1044 1942 ναταπέμπονταα
1059 1855 1238 1968 precipuum,
1255 1866 1383 1968 ie'porru

170 1943 247 2026 rotie
259 1948 294 2016 di
312 1946 569 2037 δεσμωτήριον
541 1952 704 2024 οικαῠνπας
722 1947 955 2029 &nitorimenta
972 1947 1102 2030 despue.
1135 1954 1222 2015 Addit
1240 1954 1383 2016 rationem

171 2042 415 2124 exramiqnorurn
434 2044 614 2123 quorundam
638 2041 781 2104 sententia
805 2042 841 2102 de
864 2040 1058 2102 descensione
1076 2040 1185 2102 cirini
1209 2044 1245 2103 ad
1268 2041 1382 2104 inferos

171 2133 361 2213 deprominus,
383 2136 470 2210 quam
486 2129 659 2191 meritolio
684 2128 853 2190 omittimus.
885 2127 1008 2191 viceeti
1032 2130 1068 2189 de
1085 2125 1146 2189 illis
1162 2129 1382 2209 antepaschali-

170 2221 228 2281 bus
248 2216 522 2296 indulgentiisduo.
524 2206 723 2293 Godosredus
751 2217 787 2276 ael
805 2214 877 2276 ceo.
895 2214 1046 2278 Theodec.
1066 2215 1105 2289 T.
1121 2217 1151 2278 3.
1168 2238 1198 2296 p.
1216 2217 1280 2278 172
1295 2236 1336 2279 ss
1354 2225 1383 2279 et

171 2307 351 2368 Peteeiuead
369 2304 606 2385 Epiphaniump.
617 2304 690 2365 363.
709 2304 776 2365 De
764 2302 877 2385 postitio
896 2321 964 2365 vero
981 2304 1018 2363 air
1034 2302 1258 2383 imperatoribus
1267 2304 1382 2364 lelio

171 2395 258 2455 nata
277 2402 343 2457 anm
366 2390 484 2472 paseha
500 2391 640 2470 imperato
665 2390 731 2451 iuse
749 2398 777 2452 et
794 2388 906 2453 erudite
923 2390 985 2469 agit
1001 2388 1077 2452 idern
1097 2393 1275 2467 Gudofredus
1295 2391 1334 2452 Τ.
1353 2392 1383 2456 l.

171 2500 199 2562 p.
220 2478 291 2542 124.
323 2479 459 2542 caerem
476 2498 563 2559 quam
587 2475 765 2580 judiciorum
793 2476 976 2539 uacationem
993 2477 1024 2536 in
1039 2477 1137 2538 causis
1154 2477 1289 2539 uirilibus
1311 2499 1383 2558 per-

171 2567 293 2631 missam
317 2575 446 2642 constat,
473 2567 551 2627 hanc
574 2565 663 2657 longe
687 2564 783 2643 magis
808 2564 837 2624 in
862 2561 1064 2625 criminalibus
1087 2567 1269 2626 obserratarn
1286 2564 1382 2628 luisse
1434 2630 1439 2639 ,

172 2662 295 2736 eportet,
313 2651 513 2735 quialegc4.
532 2647 775 2714 cucurrimus.
802 2654 1066 2732 deprecationibus,
1085 2651 1285 2732 perintcgros
1304 2672 1382 2733 qua-

170 2741 310 2821 draginta
327 2741 406 2815 (lies,
431 2740 480 2822 qui
505 2739 639 2821 auspicio
664 2738 894 2800 ceremoniarum
923 2738 1061 2819 paschale
1083 2747 1195 2819 tempus
1213 2736 1383 2821 anticipant,

122 2868 127 2877 ·
170 2828 303 2910 cognitio
321 2827 515 2889 criminalium
531 2826 733 2908 quaestionum
749 2824 907 2888 inhibetur.
940 2827 1005 2889 Nun
1023 2826 1063 2887 ita
1080 2826 1242 2905 Pontifioii,
1257 2846 1335 2908 quus
1351 2827 1383 2888 in

170 2912 238 2998 ipsa
252 2917 433 2977 hebdomade
456 2922 560 2976 sancia
577 2922 773 2990 Hmmnpmunt
793 2918 998 2979 Saeouurolum
1026 2934 1092 2975 cunr
1116 2914 1207 2975 sociis
1232 2913 1382 2977 tormentis

84 3010 86 3015 '
170 3003 340 3087 snbjemsse
367 3003 449 3065 testis
467 3012 513 3064 est
529 3010 631 3064 Petrus
650 3005 803 3083 Mulpuetrs
818 3002 847 3061 in
866 3000 969 3063 Palma
984 3000 1050 3063 fidei
1069 3001 1101 3064 S.
1121 3001 1241 3064 Ordinis
1259 3001 1382 3064 Praedi-

171 3101 303 3154 caterom
327 3113 357 3173 p.
380 3091 444 3152 tut
461 3111 503 3154 ss.
522 3095 656 3166 iletmrrm,
690 3091 838 3170 inquiens,
869 3090 943 3164 feria
976 3095 1029 3150 IV.
1062 3092 1106 3150 die
1136 3094 1226 3163 Joois,
1259 3092 1304 3152 die
1326 3113 1384 3171 pu-

170 3201 298 3244 ruroeues
312 3184 504 3257 moestissimo,
519 3179 634 3238 subluto
651 3188 756 3253 sancto,
781 3184 844 3256 ipsu
861 3181 1013 3252 testivitate
1034 3184 1244 3239 resurrectionis
1260 3181 1383 3240 domini·
1453 3237 1458 3245 ,

171 3290 220 3330 eae
242 3289 277 3329 ee
301 3264 411 3328 deuius
433 3266 654 3326 sollemnitatibus
669 3266 830 3341 saumariis,
845 3286 901 3325 aon
918 3271 974 3325 nisi
991 3266 1025 3324 al
1042 3270 1213 3325 immunitate
1234 3270 1264 3326 ia
1281 3271 1383 3328 lliero-

170 3376 284 3431 ameum
300 3363 498 3434 temperarant.
514 3358 561 3413 Itu
575 3374 625 3432 per
640 3360 781 3433 exquisite
796 3362 931 3413 tormenta
944 3355 1080 3413 murinam
1091 3352 1335 3428 4ααααναίνῑωιαῐω,
1351 3364 1383 3414 ut

170 3446 289 3521 mapalis
305 3443 400 3504 dicim
415 3461 471 3501 uua
487 3446 579 3500 miuus
596 3443 683 3501 trtius
699 3450 748 3501 aut
772 3450 891 3522 quautuor
906 3442 1010 3501 uiduae
1024 3440 1147 3516 fidiculis
1161 3461 1209 3501 serr
1232 3442 1300 3517 fuae
1314 3462 1383 3502 coa—

110 3527 117 3585 '.
170 3542 248 3592 sueto
272 3533 463 3591 ieaoimreat·
495 3538 520 3588 et
536 3529 654 3609 ᾳαο3αω
670 3524 714 3589 die
729 3530 936 3608 quatuordecies
950 3549 1000 3608 per
1014 3531 1087 3589 idem
1104 3535 1230 3590 tormenti
1245 3531 1382 3591 enodetis-

171 3625 273 3681 simum
288 3638 375 3697 penus
389 3618 469 3678 illum
485 3617 544 3691 iere
559 3626 724 3678 eaecnssaut.
756 3618 914 3694 Adjrraetue
930 3619 1118 3691 contumeliae,
1142 3618 1261 3697 probru,
1288 3627 1381 3696 muto,

171 3711 258 3783 ictus,-
273 3712 357 3767 eurtu
371 3696 514 3784 torquendi
528 3709 710 3766 instrumente
725 3705 758 3765 olr
774 3706 868 3765 ocrtlos
882 3711 994 3783 poeitu3
1009 3708 1174 3766 elicientem
1184 3704 1239 3780 piae
1255 3713 1286 3763 at
1288 3724 1383 3784 ,qraue

172 3795 207 3856 de
221 3795 385 3870 {nituisset
400 3794 514 3852 ecculm
529 3799 610 3870 (nom
625 3796 764 3879 reliquus
761 3795 917 3867 calumnias
934 3795 1067 3867 diluerat)
1083 3797 1310 3872 pronunciasset,
1336 3810 1382 3851 re-
1417 3840 1430 3863 ,

78 3926 84 3931 -
172 3891 299 3944 mtomt
322 3890 348 3941 et
368 3880 455 3958 tejas
470 3885 546 3940 unici
569 3885 693 3941 criminis
707 3901 738 3941 se
760 3901 837 3941 reum
859 3882 1004 3955 fateretur.
1042 3882 1089 3940 At
1104 3882 1134 3940 id
1150 3881 1272 3958 amplisu
1287 3888 1384 3941 erur-

172 3972 309 4051 rpueodam
324 3969 439 4048 perillam
454 3987 585 4028 ocmusos
600 3970 732 4029 curiones
747 3970 1070 4042 eramusmaerore
1087 3977 1113 4027 et
1128 3972 1220 4028 neruis
1231 3974 1383 4029 semiustu-

171 4059 240 4118 latis
250 4058 423 4137 praedatore
436 4065 461 4115 et
474 4061 614 4117 crudatus
629 4057 777 4117 ucerlritute
792 4058 866 4116 dieta
883 4064 1045 4118 retruderet
1061 4057 1299 4135 seqaresimirlutae
1315 4077 1383 4135 pro-

160 4146 281 4224 ¹pletiue
304 4145 452 4206 menium
471 4151 611 4205 statueret.
646 4145 773 4221 Ncpulut
795 4147 843 4204 ille
872 4166 902 4205 se
923 4146 1065 4219 fauturum
1088 4145 1197 4223 illisque
1219 4145 1300 4219 frenis
1321 4154 1382 4205 tor-

172 4243 264 4294 tnente
288 4233 467 4312 ermundies
484 4232 606 4290 sollenne
628 4251 709 4291 suum
726 4233 873 4292 fflmddem
889 4232 1092 4309 inpomiaulrat:
1122 4230 1228 4310 Tolle,
1245 4229 1382 4309 Domine,

166 4320 435 4383 animant'rneamt
469 4339 503 4379 ue
522 4329 703 4399 posteaquem
727 4321 870 4400 mouendi
891 4317 975 4395 tinem
994 4321 1134 4397 semesum,
1150 4321 1383 4403 procumbens-ia

170 4426 261 4489 muru
290 4427 344 4490 pro
374 4407 526 4469 terterilm
556 4415 582 4467 et
614 4410 830 4487 persecutoribus
861 4420 954 4487 preces
970 4408 1135 4486 effundebat.
1162 4441 1197 4452 —
1217 4407 1309 4468 Porro
1322 4407 1383 4466 *lac

171 4492 630 4576 animumanimumum
642 4490 704 4558 sire
721 4495 799 4557 sacri
809 4498 970 4559 tenveutus
988 4494 1127 4561 celebrati
1136 4502 1215 4572 sunt,
1231 4502 1265 4556 ut
1281 4499 1384 4556 auctor
