3144 5056
556 269 594 330 de
618 266 773 331 dominicis
789 270 942 334 obtentus.
1270 286 1272 295 ¹
1294 271 1358 336 1⁰0

226 436 381 501 Vaoohont
395 437 544 520 precibus.
569 442 678 506 Preces
693 444 901 506 monachorum
918 442 1142 519 cassinensium
1160 454 1287 527 tempore
1303 448 1359 508 ad-

138 534 244 588 sentus
262 535 290 587 et
306 526 553 607 quadragesimali
570 530 665 593 etiam
680 542 747 594 anto
764 529 907 613 paschale
929 532 1036 594 lentum
1060 531 1194 613 proprias
1216 533 1308 598 refert
1322 554 1360 597 ex
1382 536 1387 545 “

138 612 295 695 Beeriario
310 613 503 678 Cassinensis
521 615 603 679 Orat.
620 618 740 699 saepius
758 618 906 700 allegatus
922 619 1102 682 Mostene
1126 642 1155 701 p.
1173 621 1256 685 261:

141 717 253 768 memes
270 733 320 783 pro
341 718 411 769 omni
430 719 517 784 prada
536 710 682 786 Ecclesiae,
759 723 919 775 Sncmrlotes
936 724 976 773 tei
993 722 1106 773 mdnant

137 786 193 837 Pro
211 792 324 852 pastore
343 794 447 852 nostre,
758 793 871 855 Beatos,
890 793 933 858 poi
950 792 1083 857 inteliipit.

91 919 97 927 ν
138 854 192 904 Pro
210 853 318 918 repibae
339 863 365 906 et
382 854 589 922 imperatoribus
606 859 723 922 scorteis,¹
762 861 861 912 Sateos
878 862 925 924 {ae
941 874 1026 926 repes.

138 920 194 973 Pro
211 924 344 989 episeopis
362 931 387 974 et
408 922 559 988 abbatibus,
758 929 830 979 Dens
850 943 976 980 eonrseroa
992 923 1081 979 eos'et
1096 943 1144 980 nos
1161 929 1208 980 eis.

137 991 192 1041 Pro
206 996 305 1041 ,essarto
323 993 422 1063 papale
434 991 574 1057 catholico,
759 997 870 1047 Soterem
891 998 939 1062 sae
955 999 1080 1063 populum

137 1059 193 1108 Pro
213 1074 279 1125 pace
296 1067 321 1110 a
338 1061 441 1111 ienitate
456 1062 590 1125 ecelesiae,
660 1120 665 1125 „
759 1067 825 1115 Fiat
839 1081 898 1130 pam
916 1066 944 1116 ln
963 1067 1070 1116 eistete.

138 1127 194 1178 Pro
212 1127 348 1192 fratribus
365 1136 390 1180 et
408 1127 548 1182 sororibus
567 1132 679 1195 nostris,
760 1135 873 1198 Propter
891 1135 994 1199 fratres
1010 1149 1081 1185 meos

139 1195 195 1245 Pro
214 1196 266 1247 iter
282 1195 429 1263 apartibus,
760 1198 781 1250 0
799 1202 919 1264 Domine,
938 1203 1029 1252 satane
1047 1217 1094 1254 eos
1111 1203 1158 1267 sae

137 1262 195 1313 Pro
216 1262 332 1325 fidelibus
350 1265 548 1333 aaoipantibas,
760 1269 869 1321 Exaudi
888 1286 947 1335 eros,
964 1271 1038 1321 Dens
1057 1272 1190 1321 saltatoris
1209 1275 1299 1321 nostes·

137 1331 195 1382 Pro
213 1333 415 1386 ariversantibas
435 1334 521 1400 nobie,
738 1336 879 1399 ‘nocetne
899 1353 931 1389 ne
948 1345 1059 1390 stateras
1075 1340 1133 1390 illie

136 1399 193 1451 Pro
210 1400 436 1466 discordantibus,
656 1442 660 1449 .
759 1407 821 1456 Pare
838 1408 897 1468 liei,
917 1422 985 1474 qaae
1004 1414 1149 1474 eosepesnt

44 1486 49 1489 ’
137 1469 195 1522 Pro
213 1470 413 1534 poenitentibus,
761 1475 1063 1539 reconsecrationem,
1084 1474 1279 1593 aliprantsdam

137 1537 192 1588 Pro
211 1538 389 1604 eleemosynas
409 1539 579 1605 sanitatibus,
756 1544 901 1607 Disposuit,
919 1544 990 1593 dedit
1007 1546 1122 1610 pauperi

138 1605 192 1656 Pro
211 1605 322 1670 afflictis
340 1615 365 1658 et
385 1609 509 1675 captiuis,
757 1610 856 1661 Libera
874 1625 927 1671 eos,
945 1612 1017 1662 Deras
1034 1613 1126 1664 Israel

139 1674 195 1724 Pro
214 1673 334 1736 fidelibus
350 1677 493 1742 deficeretis,
539 1700 541 1713 =
640 1692 644 1695 ’
757 1680 882 1744 aeonem
901 1686 1037 1731 aeternam
1088 1706 1092 1711 ·

136 1742 193 1792 Pro
211 1745 329 1808 pereatis
347 1751 372 1794 ct
391 1745 558 1810 aeplipentiis
577 1744 688 1806 austris,
757 1747 867 1798 Domine
884 1764 916 1799 ae
933 1749 1080 1800 maniaesis

136 1811 242 1877 Arljeea
260 1827 320 1876 tros,
338 1814 409 1864 Deam
427 1814 560 1865 salutaris
576 1818 677 1876 noster,
757 1817 793 1865 Et
812 1822 922 1882 propter
939 1816 1061 1868 honorem
1079 1817 1192 1868 nominis

138 1879 191 1929 Pro
211 1880 345 1945 fratribus
362 1881 463 1932 srostris
483 1878 636 1931 absentibus
758 1883 855 1934 Serleos
874 1886 920 1948 fac
940 1900 1030 1937 sorece

137 1946 217 1999 Mitte
233 1949 284 2014 air,
304 1950 423 2010 Domine,
446 1950 576 2000 caeciliam
594 1948 626 1998 ale
639 1948 739 1998 Sancto
759 1952 793 2001 ΕΙ
811 1952 842 2002 de
861 1954 934 2003 Sion.

225 2024 420 2096 hbstiaebaat
442 2055 460 2096 a
483 2031 650 2115 nuptiarum
674 2033 864 2113 solennibus,
891 2039 1008 2121 quondo
1031 2037 1149 2099 refuso
1174 2035 1356 2100 wileve·-

136 2120 295 2201 gelius:
331 2129 373 2183 De
396 2143 437 2195 eo,
460 2124 533 2204 qnod
551 2124 661 2199 penetrem
683 2132 725 2182 est
750 2130 825 2185 cirea
848 2126 950 2199 festam
974 2132 1132 2187 nativitatis
1156 2147 1184 2205 p.
1204 2124 1254 2186 18.
1296 2124 1356 2184 leno

1141 1558 1215 1594 tu.

14 2208 16 2217 '
120 2229 191 2290 per
207 2210 354 2271 decretum
372 2220 454 2272 conc.
474 2208 635 2271 ilerdensis
660 2229 725 2288 eap.
743 2211 772 2272 3.
798 2210 981 2277 matrimonia
1000 2213 1056 2273 hoo
1073 2219 1200 2293 ternpore
1217 2231 1357 2272 eonsum-

14 2844 16 2885 Ι

14 3288 16 3345 l

14 3370 16 3405 r

91 2341 103 2365 ,
136 2305 216 2357 mata
232 2295 457 2371 rescinduntur:
493 2298 573 2370 Quod
596 2317 652 2357 aon
669 2308 793 2375 oporteat
818 2320 836 2359 a
862 2306 1066 2378 septoopesimo
1087 2304 1220 2379 remrein
1242 2307 1357 2358 eotenus
1426 2354 1432 2361 .

134 2385 269 2463 possitae,
294 2394 318 2444 et
342 2385 429 2445 tribas
443 2385 655 2445 hebdomadibus
672 2394 737 2445 nate
751 2387 929 2460 festivitatem
952 2389 1092 2448 octenas
1114 2389 1253 2466 baptistae
1277 2394 1302 2444 et
1319 2385 1355 2444 nb

134 2472 257 2533 aderato
275 2477 387 2532 Domini
403 2492 489 2551 sesque
513 2479 575 2551 post
599 2473 777 2550 epiphaniam
801 2479 916 2552 nuptias
932 2475 1084 2547 celebrare3
1108 2475 1180 2553 qaod
1202 2472 1357 2545 nifastem

133 2559 237 2635 feerit,
261 2568 435 2637 soporentur.
484 2559 571 2618 Toto.
600 2556 651 2617 XI.
677 2557 790 2619 Coueil.
810 2556 933 2622 Collect.
959 2559 1061 2639 regiae
1084 2559 1176 2629 1322.
1210 2557 1255 2616 Ab
1281 2576 1356 2636 quiae

135 2645 228 2707 verba
248 2654 329 2706 reete
353 2645 443 2711 Luc.
462 2644 662 2708 Osianther
680 2643 748 2707 hist.
765 2642 929 2708 ecclesiast.
956 2657 1031 2709 cent.
1047 2645 1122 2709 xvi.
1149 2667 1174 2725 p.
1195 2642 1255 2704 36:
1281 2649 1357 2704 Haeo

135 2738 293 2793 constitutio
318 2734 399 2793 aelle
423 2739 562 2812 oeqrritato
578 2738 684 2793 nititur.
717 2739 780 2794 Etsi
803 2740 876 2794 enim
889 2740 1060 2814 ,anphoram
1077 2736 1199 2794 solennis
1213 2731 1370 2815 cataroae,

127 2819 301 2899 'quibusdem
315 2818 485 2899 ¹temporibus
501 2821 633 2899 mespeadi
654 2829 751 2899 potest,
775 2830 866 2881 temon
884 2823 1007 2882 hnmano
1030 2831 1071 2881 ost
1086 2823 1261 2890 'coartitotim
1286 2838 1357 2898 qetoo

133 2927 192 2967 noa
208 2911 292 2967 eineis
309 2908 365 2967 late
384 2908 554 2968 ostendendo
570 2917 620 2969 ost.
650 2914 687 2967 Et
702 2909 908 2987 iniquissimam
924 2918 1003 2984 esset,
1019 2912 1046 2968 si
1061 2912 1124 2987 queis
1139 2908 1210 2968 tales
1226 2905 1356 2983 oonjeepes

135 3014 199 3054 earn
213 2995 247 3054 oh
263 3014 388 3070 ceresam,
405 2996 478 3072 qnod
490 3000 605 3073 nuptias
621 2996 755 3074 prohibito
779 3005 899 3074 ternpore
922 2996 1112 3069 celebrassent,
1140 2994 1273 3072 'separare
1297 2994 1355 3054 ool·

134 3083 182 3156 het,
199 3102 258 3141 cane
276 3087 395 3142 meritas
404 3082 454 3158 p‘ns
470 3083 569 3142 hebeat
586 3086 615 3157 in
632 3100 732 3160 eorpus
749 3089 847 3143 rasoris
862 3094 888 3143 et
904 3102 977 3144 neor
992 3087 1126 3142 cicaniae.
1149 3080 1243 3141 Recte
1260 3090 1356 3140 tamen

135 3166 281 3228 ecclesiae
298 3178 415 3228 nostrae
434 3167 615 3247 publicarum
633 3166 836 3229 solennitatum
854 3167 1025 3248 nuptialium
1042 3165 1264 3247 prohibitionem
1281 3162 1355 3226 reti·

136 3263 216 3331 nent,
233 3274 269 3315 ne
286 3254 463 3316 adversariis
482 3253 659 3316 offendiculo
675 3254 777 3316 sinnas.
810 3255 883 3319 viee
899 3250 1110 3333 Mergerin
1123 3273 1145 3331 g
1159 3251 1190 3311 in
1206 3253 1355 3325 taionna-

132 3347 208 3403 torio
232 3347 415 3403 eonscientiae
438 3363 535 3420 acerno.
574 3349 688 3422 quaest.
717 3343 744 3402 l.
767 3342 804 3403 ad
821 3344 895 3404 dom.
913 3341 1017 3403 hadr.
1046 3362 1073 3419 p.
1092 3339 1142 3400 12.
1174 3337 1357 3418 Dispensaat

135 3439 233 3489 tamen
248 3427 398 3509 principes
410 3426 582 3509 'evangelici
600 3429 629 3488 in
646 3426 793 3490 libertatis
811 3426 990 3490 christianae
1007 3425 1272 3504 confirmationem
1296 3423 1356 3488 nit.

136 3514 590 3610 Wildeegeliump.23.‚
1070 3600 1072 3605 ,

224 3619 416 3683 Abstinebaut
432 3641 450 3682 a
468 3618 574 3703 capsula
587 3619 746 3703 conjugali.
765 3621 807 3698 lta
817 3621 850 3682 Μ
860 3619 937 3682 abil
948 3617 955 3680 l
965 3644 982 3681 o
992 3619 1027 3680 ui
1040 3624 1201 3696 usLite‘rp.
1215 3617 1317 3678 Gallio.
1327 3636 1355 3695 p.

134 3704 220 3768 458:
236 3711 318 3787 Apud
335 3730 386 3769 aas
403 3713 495 3787 itaqae
511 3704 621 3787 eaep‘tss
637 3709 684 3783 (S.
695 3708 831 3785 Martini)
848 3711 1013 3769 soierrrriteto
1028 3711 1195 3768 abstinentie
1205 3704 1356 3764 nearaiboe

133 3796 177 3856 bel
195 3797 333 3873 oonpmnhi
349 3798 449 3874 copule
465 3798 534 3872 pitis
557 3799 684 3858 eeclesiae
701 3798 850 3871 indicator,
874 3807 905 3857 at
928 3797 966 3856 ad
990 3800 1161 3856 testivitatem
1181 3795 1296 3852 eonem
1310 3810 1355 3850 se-

133 3888 231 3942 oterius
246 3891 453 3943 eornmaaioeat.

223 3985 371 4048 iustitiam
389 3997 499 4066 septem
524 3987 678 4064 postremis
696 3988 846 4049 induentes
861 3984 965 4047 blebem
991 3979 1130 4045 indictum
1156 3992 1202 4045 est
1225 3977 1256 4045 in
1274 4001 1356 4045 corte.

128 4071 376 4155 ‚Erpheslorteasi
393 4081 548 4154 praesente
566 4071 634 4152 imp.
651 4072 783 4135 ilenrico
807 4071 916 4148 habito,
941 4071 1027 4151 eujus
1053 4072 1143 4133 rerba
1163 4072 1280 4132 decreto
1304 4091 1357 4149 per

134 4159 309 4222 Gratianum
326 4160 438 4223 inserta
460 4165 614 4241 postquam
631 4158 829 4223 recensuisset
854 4157 1009 4222 Wildvo
1020 4178 1066 4237 ge
1077 4155 1157 4219 lius
1174 4157 1196 4219 l.
1213 4157 1231 4218 l.
1255 4180 1285 4238 p.
1301 4157 1355 4219 22.

131 4246 222 4329 etiam
239 4248 294 4309 hnc
308 4249 376 4330 jure
393 4247 548 4310 Saxooieo·
563 4246 750 4308 constitutum
768 4265 834 4308 esse
852 4243 986 4307 ostendit.

121 4366 126 4376 ·
222 4334 299 4397 Belli
331 4355 447 4416 quoqne
482 4331 626 4395 inducias
652 4328 707 4410 suh
742 4327 1039 4394 excommunicatione
1067 4329 1237 4392 Alexander
1258 4328 1309 4392 ΙΙΙ.
1337 4349 1356 4389 a

131 4419 317 4505 principibus
335 4430 437 4487 sancte
453 4421 653 4501 observandas
669 4418 869 4502 praescripsit.
886 4416 997 4481 Confer
1013 4418 1137 4481 eundem
1153 4438 1184 4497 p.
1199 4416 1253 4481 23.
1325 4499 1328 4505 Ι
