3192 5056
126 400 130 409 ,
239 314 304 398 rot
497 338 499 343 ·
725 327 953 395 ansano

130 510 135 516 “
237 504 319 585 prins
335 512 431 566 autern
448 502 526 584 quod
544 501 654 578 attinet,
682 501 769 564 nimis
783 503 918 585 jejunum
939 500 1013 563 illud
1039 508 1133 565 estet
1156 499 1282 564 maxima
1307 522 1345 564 ex
1368 509 1454 582 parte

237 591 479 654 'l'alntudieorun
495 609 597 670 parurn
621 588 722 651 firmae
741 590 890 652 autoritati
914 578 1156 670 superstructum.
1189 589 1225 650 Si
1250 588 1295 651 rel
1321 586 1453 651 millenis

236 680 340 742 Judaei
359 680 423 741 dies
443 675 628 739 enraeoiales
648 675 871 740 collustrasseot
885 676 1054 755 luminibus,
1071 688 1103 739 ut
1121 677 1182 738 iere
1199 675 1367 738 Talruudiei
1381 677 1453 758 jao-

238 767 330 842 titant,
346 767 404 828 iuno
421 766 445 829 si
466 764 509 825 nel
526 762 652 826 maxime
668 766 794 846 Josepbo
811 764 974 842 oredimus,
1001 768 1134 826 tuntinano
1150 784 1255 826 nomen
1272 762 1337 826 istis
1353 764 1451 826 saeris

237 852 330 916 luisse
346 852 522 934 impositum,
539 859 634 913 tamen
653 849 825 913 credulitate
841 852 1009 934 superiores
1027 872 1092 914 osse
1116 853 1289 914 deberemus
1306 851 1380 932 ipsis
1397 852 1452 915 Ju-

238 942 329 1015 daeis,
348 941 374 1001 si
392 940 501 1002 festum
526 938 684 1000 nativitatis
701 939 773 1001 lesu
798 939 906 1001 Christi
934 949 1086 1021 propterea
1109 941 1186 1020 quod
1209 937 1297 1000 simili
1324 937 1452 1021 quidem,

238 1032 288 1091 sed
306 1029 434 1091 forteal]
453 1027 511 1089 alia
528 1046 621 1089 eausa
639 1025 797 1088 ‹torinnam›
812 1026 929 1088 nomine
947 1026 1115 1106 insignitur,
1133 1026 1177 1087 ab'
1188 1025 1338 1089 encaeniis
1357 1036 1451 1088 ortum

239 1127 267 1179 ot
285 1117 399 1177 nomine
417 1112 529 1193 φωτῶν
546 1126 678 1176 ornatum
696 1121 900 1176 statueremus.
933 1114 999 1176 Nou
1024 1115 1120 1194 magis
1139 1112 1221 1175 irruo
1245 1122 1304 1176 stat
1326 1114 1385 1176 talo
1403 1122 1453 1176 arss

238 1216 408 1282 gumentnro
427 1204 561 1279 aiterum,
579 1201 633 1263 etsi
653 1200 772 1264 multum
789 1201 830 1262 illi
850 1201 994 1277 tribuant,
1011 1202 1059 1282 qui
1076 1199 1145 1263 hoio
1162 1203 1324 1263 sententiae
1341 1202 1452 1264 favent.

239 1290 457 1372 Chronologiae
472 1309 577 1351 sarrae
600 1290 730 1369 apprime
749 1289 872 1368 ignaros
898 1291 984 1351 debet
1008 1309 1090 1365 esse,
1119 1306 1204 1369 qneur
1228 1287 1331 1350 hallero
1359 1288 1453 1370 possit

239 1378 401 1457 aequalitas
426 1377 545 1450 mensis,
572 1397 658 1457 quern
683 1377 758 1438 forte
781 1376 838 1437 sibi
863 1375 991 1438 vindieat
1013 1386 1167 1456 utrumque
1183 1374 1299 1437 festam.
1331 1376 1377 1438 No
1391 1376 1451 1458 jam

174 1492 177 1501 ·
239 1468 275 1525 de
294 1466 374 1526 rareio
391 1466 567 1526 iuriaeornnr
584 1483 702 1524 rnensos
719 1484 782 1524 euru
799 1462 907 1523 nostris
925 1461 1115 1542 componendi
1134 1465 1217 1524 modo
1235 1463 1382 1540 dieamus,
1412 1463 1452 1525 li-

240 1550 381 1613 beraliter
397 1552 600 1622 concedemus,
618 1552 694 1631 quoti
712 1558 831 1617 sumunt
846 1548 927 1611 illius
938 1550 1229 1629 sententiaepatroni,
1247 1550 1451 1613 scilieetmen-

240 1659 301 1701 seru
319 1638 495 1700 ludaeorum
513 1636 633 1699 Chisleu
662 1624 808 1698 deeembri
833 1648 952 1714 nostro,
977 1636 1079 1699 saltem
1105 1658 1143 1699 ex
1166 1647 1247 1718 parte
1262 1642 1451 1720 respondere.

128 1774 132 1781 ,
239 1729 283 1787 An
302 1746 371 1786 vero
387 1726 455 1793 inde
471 1725 612 1805 sequitur,
629 1722 693 1786 dies
709 1744 829 1802 saeros,
854 1723 959 1805 qnihus
984 1745 1040 1786 nos
1067 1725 1233 1787 memoriam
1258 1725 1366 1788 Christi
1391 1726 1452 1788 nati

240 1810 442 1888 celebramus,
467 1823 560 1872 ortum
585 1833 671 1872 suurn
695 1814 803 1875 debere
826 1811 920 1888 testo,
944 1812 990 1873 eui
1009 1815 1110 1874 eodem
1125 1811 1187 1874 sere
1204 1824 1332 1893 temporo
1348 1813 1453 1877 iudaei

239 1902 406 1962 vacabantt
439 1899 539 1978 Major
554 1910 598 1961 est
614 1897 781 1973 dillioulms,
800 1919 875 1982 quae
892 1899 1039 1979 adipsum
1057 1898 1212 1962 nativitatis
1237 1899 1348 1962 Christi
1366 1921 1452 1963 men-

240 2007 302 2050 sem
321 1987 438 2062 attinet,
467 1988 578 2067 dequo
595 1987 784 2067 postmultas
803 1986 979 2048 eruditorum
997 1994 1101 2048 nostro
1113 1986 1197 2049 etiam
1214 1996 1343 2069 tempore
1364 2009 1453 2070 repo·
1474 2034 1477 2039 -

241 2076 310 2137 titas
325 2073 539 2153 disputationes
556 2066 652 2135 adbuo
668 2075 839 2155 subjudice
854 2072 891 2134 lis
909 2083 961 2136 est.
996 2072 1101 2151 Ouidi
1133 2074 1158 2136 si
1175 2096 1336 2155 ponamus,
1353 2096 1452 2139 veram

242 2180 313 2225 esse
328 2162 500 2224 sententiam
525 2160 800 2240 Scaligeri*),
828 2160 877 2242 qui
902 2162 1025 2240 probare
1050 2180 1215 2241 aggressus
1240 2174 1302 2244 est,
1325 2163 1452 2227 natalem

241 2249 404 2313 Salvatoris
429 2247 520 2309 nostri
545 2268 611 2308 esse
635 2250 671 2307 ad
696 2269 823 2309 mensem
849 2250 1041 2328 septembrem
1064 2249 1266 2326 referendum,
1291 2271 1367 2331 quae
1383 2260 1452 2314 tuno

241 2335 405 2419 hypothesi,
422 2333 751 2415 quamimpugnaruus,
776 2334 889 2415 reliqua
907 2347 986 2397 esset
1004 2335 1197 2416 species‘l**)
1216 2338 1350 2417 Augetur
1374 2337 1452 2400 dilli-

241 2424 336 2485 eultas
352 2420 578 2502 inaequalitate,
605 2440 681 2502 quae
697 2442 733 2482 ex
759 2422 840 2483 rario
865 2441 957 2483 annos
975 2443 1148 2504 mensesque
1166 2425 1350 2506 computandi
1367 2429 1452 2488 modo

240 2531 299 2573 oon
318 2508 409 2592 potuit
426 2528 481 2568 non
500 2506 580 2585 oriri,
600 2526 733 2589 quaeque
750 2518 829 2571 tanta
845 2519 897 2586 est,
917 2519 947 2572 ut
965 2510 1116 2571 aruhoruru
1135 2529 1276 2574 annorum
1293 2513 1388 2596 spatio
1405 2513 1454 2576 rix

209 2662 211 2667 ,
242 2599 332 2660 semei
351 2596 476 2678 potuerit
493 2595 598 2657 naeniis
615 2595 732 2656 Domini
750 2597 841 2657 nostri
862 2596 892 2656 in
911 2599 1033 2658 eundern
1062 2616 1128 2658 oum
1143 2599 1319 2663 iudaeorum
1343 2619 1452 2663 eneae·

243 2685 302 2747 niis
320 2686 394 2745 diam
412 2682 550 2744 inridere.
580 2681 638 2744 Sed
656 2681 703 2742 his
721 2703 777 2743 oon
796 2682 1014 2745 immorabimur
1031 2683 1166 2765 amplius.

331 2773 373 2832 tid
392 2769 724 2851 tertiambprogredimur
736 2771 871 2847 nominis,
887 2773 923 2833 de
936 2793 993 2853 quo
1011 2770 1201 2852 disputamus,
1220 2774 1386 2855 explicandi
1402 2793 1454 2836 ra-

243 2860 359 2936 tionem,
376 2878 393 2918 a
412 2857 555 2938 baptismo
573 2857 694 2938 ejusque
710 2855 815 2919 ritibus
831 2869 971 2932 sumtum,
1008 2878 1094 2937 qaam
1120 2858 1235 2938 quidem
1253 2862 1369 2923 duabus
1385 2858 1455 2923 aliis

243 2954 395 3029 praestare
413 2945 596 3006 arbitramur.
628 2941 750 3006 Sellioet
775 2956 937 3007 enumerarat
958 2948 1091 3005 iunriaum
1114 2943 1231 3006 nomine
1256 2948 1319 3008 dies
1347 2945 1455 3010 natalis

142 3064 146 3077 ι
243 3032 405 3096 Salvatoris
423 3031 512 3093 nostri
523 3030 681 3110 insignitus
693 3051 760 3094 esse
776 3033 890 3095 ridetur
904 3031 980 3106 ideo,
998 3031 1074 3111 quod
1093 3027 1220 3092 ecelesia
1237 3031 1388 3095 orientalis
1404 3056 1458 3117 por

187 3142 191 3151 ¹
246 3120 357 3202 aliquot
366 3119 468 3182 serula
485 3117 610 3181 natalem
627 3118 715 3180 istum
733 3120 780 3181 die
797 3130 881 3182 sexto
896 3117 1024 3199 januarii
1042 3115 1234 3179 celebraverit
1252 3121 1386 3202 adeoque
1404 3142 1458 3184 eo-

200 3217 206 3227 “
244 3210 310 3272 dem
322 3208 379 3290 die,
397 3229 455 3289 quo
473 3207 639 3273 memoriam
656 3207 792 3290 baptismi
808 3209 880 3271 iesu
891 3202 1131 3269 Christi'selebat
1145 3206 1275 3271 redolere
1287 3206 1361 3290 m).
1377 3209 1457 3272 Nihil

245 3349 445 3364 w

314 3434 343 3496 a)
361 3433 401 3485 At
421 3434 472 3485 istu
495 3430 678 3497 Sontiqeri
701 3429 831 3482 sententio
855 3444 903 3481 nou
928 3429 1030 3482 omniuo
1055 3429 1154 3481 ebenus
1179 3436 1220 3482 est
1243 3428 1458 3496 Wegeoseil.

243 3502 320 3560 Sota,
356 3501 433 3551 ..ato
451 3514 473 3550 s.

315 3516 359 3631 ii)
378 3567 481 3619 liabent
499 3565 563 3630 lere,
582 3566 625 3632 qui
645 3569 791 3621 sententias
809 3568 847 3618 iili
866 3566 1071 3633 patrocinantur,
1091 3566 1158 3633 quod
1177 3566 1297 3632 doleant,
1315 3569 1457 3620 autoritate

246 3639 315 3692 lotor
334 3652 380 3689 uos
400 3651 449 3686 uon
467 3635 556 3687 valere
572 3634 708 3700 Capones,
727 3652 790 3703 quos
809 3637 962 3701 apostolicos
987 3634 1090 3696 dieunt,
1115 3634 1158 3702 qui
1182 3637 1283 3702 quiden
1310 3638 1457 3700 generabor
1514 3673 1517 3676 »

244 3715 345 3760 tautum
364 3707 396 3758 de
417 3720 483 3756 oeno
501 3717 588 3755 moeso
606 3703 755 3770 loquuntur,
772 3705 929 3756 iudaeorum
949 3710 1035 3754 numne
1055 3704 1111 3755 sine
1136 3703 1213 3755 dubio
1237 3703 1347 3768 iutelligi
1367 3706 1458 3757 volunt

245 3792 357 3830 meuses.
393 3771 434 3828 ltu
451 3785 511 3826 voro
531 3772 609 3823 habet
629 3771 702 3822 loeus
722 3773 773 3824 iste
799 3789 832 3824 ex
850 3771 1084 3823 constitutionibus
1103 3771 1259 3839 Apnsmtinis
1278 3774 1297 3823 i.
1317 3772 1349 3825 V.
1366 3789 1391 3825 e.
1414 3778 1455 3828 13.

245 3846 369 3900 ineuntes
407 3838 464 3900 Τὰς
488 3834 589 3922 ἡμέρας
613 3839 668 3889 τῶν
695 3839 799 3906 ἑορτῶν
820 3832 994 3908 meliorare,
1016 3837 1147 3907 ἀδελφοὶ,
1166 3841 1213 3891 καὶ
1231 3834 1343 3909 repeirqv
1357 3859 1392 3908 ys
1409 3839 1458 3903 thr

244 3915 399 3981 γενέθλιον,
419 3907 476 3975 ἥτις
494 3908 757 3978 aperiunturque
777 3905 871 3961 eteritis
889 3911 1003 3980 adpensa
1021 3909 1071 3961 rori
1088 3901 1188 3961 irritor
1228 3903 1302 3975 ηνός·
1339 3907 1402 3978 μεθ’
1424 3905 1459 3974 ἦν

240 3977 263 4047 ’ἦ
283 3976 433 4050 ἔπιφάνιος
453 3979 520 4048 ὑμῖν
537 3977 608 4033 ἔστω
628 3969 785 4047 τιμιωτάτη,
804 3974 865 4029 καθ’
888 3973 957 4041 ἣνὸ
980 3963 1083 4044 Κύριος
1101 3927 1243 4041 desideriis*
1265 3973 1334 4060 ipris·
1356 3979 1403 4044 τῆς
1420 3980 1458 4031 oi-

149 4088 151 4093 ι
246 4052 321 4108 aeine
346 4043 476 4113 θεότητος
496 4042 656 4108 ἐποιήσατο·
691 4048 814 4114 γινέσθω
837 4045 869 4098 dt
893 4047 941 4097 ani
968 4044 1035 4110 reith
1060 4044 1123 4110 ἕκτη
1149 4048 1197 4098 τοῦ
1217 4045 1335 4098 δεκατου
1359 4042 1456 4114 μηνός.

238 4118 286 4172 hd
307 4120 371 4236 hope
389 4126 520 4238 Pilssssm
535 4117 617 4170 verbu
634 4115 702 4179 vide,
721 4132 786 4183 quoe
805 4117 1012 4170 cotelerius
1031 4117 1140 4180 notavit,
1159 4118 1186 4168 io
1204 4115 1270 4184 tipp.
1292 4115 1338 4169 SS.
1353 4116 1457 4169 Puteum
1512 4163 1519 4167 .

282 4188 383 4239 osteis.
429 4223 436 4238 .
469 4224 476 4237 .
514 4189 601 4239 Ate.

247 4203 279 4256 ap
315 4254 414 4322 ***)1u
425 4204 702 4321 eeoteiiisquibnsdum
716 4253 865 4306 momerium
879 4253 976 4306 Christi
991 4255 1045 4305 nati
1062 4261 1089 4304 st
1101 4252 1226 4318 baptizoti
1239 4251 1403 4318 conjunctum
1413 4269 1459 4317 seu

171 4328 177 4335 “
247 4331 298 4376 oue
310 4323 513 4389 eodemquedie,
527 4324 630 4375 scilieet
638 4331 711 4375 sento
724 4324 849 4387 junuarii,
859 4323 919 4375 olim
929 4323 1086 4374 celebratam
1101 4320 1191 4383 luisse,
1203 4320 1284 4372 donee
1293 4323 1458 4374 natalisiosu

248 4393 344 4445 Christi
360 4391 466 4443 nddieu
476 4396 518 4445 ¹25.
534 4393 591 4443 deo.
602 4392 798 4452 transierrotar,
810 4392 866 4457 jam
881 4391 1121 4458 supremonuimus.
1141 4387 1195 4440 Nee
1210 4389 1365 4441 dubitationi
1375 4392 1459 4444 loeum

247 4461 357 4528 elinquit
370 4459 478 4525 Crago
487 4461 534 4512 rii
545 4459 621 4512 Nuz.
633 4476 672 4512 or.
685 4463 727 4514 stt.
746 4476 812 4529 quus
823 4477 880 4515 eum
890 4460 1061 4580 praecoque
1072 4464 1123 4508 tom
1136 4460 1346 4522 aroteeobnerst,
1359 4461 1459 4511 utentis

247 4536 382 4603 apparent,
397 4544 464 4599 earu,
481 4529 994 4600 quaotripesimeootaroestnumeros
1053 4525 1294 4583 nebritutesshrieti
1309 4529 1459 4601 estqprtto«
1496 4570 1500 4579 s
1547 4551 1549 4555 ’
