3192 5056
628 305 665 368 a
683 301 732 397 aua
746 301 893 371 anam.
1178 272 1185 288 “
1304 298 1367 369 mu

119 470 125 481 ⁸
153 480 181 566 ᾗ
197 479 252 545 26.
269 476 385 545 alienat
410 474 466 543 lste
489 480 562 542 ritus
584 479 704 542 lotionis
728 480 833 561 padam
858 479 930 561 (non
956 486 1051 541 tanen
1070 476 1204 560 baptismi
1222 479 1366 560 tempore)

29 589 40 597 ·
153 579 199 632 est
216 579 368 646 serratas,
394 567 423 628 id
447 571 523 650 quud
550 589 587 631 ex
603 568 772 651 Augustino
787 576 882 649 patet,
907 567 956 647 qul
984 570 1044 649 (ep.
1068 569 1104 629 ad
1120 568 1185 630 lan.
1205 561 1278 644 lm,
1300 568 1366 650 18.)

150 659 193 719 ita
216 655 337 720 scribit:
370 662 413 718 Do
434 659 565 719 locandis
587 678 650 720 aero
663 656 787 737 peditus,
808 678 870 718 cana
887 652 1026 717 Dominam
1042 658 1091 717 loc
1113 652 1225 736 propter
1241 657 1365 731 (ormam

150 749 328 821 hamilitatis,
347 756 460 825 propter
476 733 559 827 parim
576 748 725 807 ducendane
741 754 862 817 venerat,
884 747 1121 817 commendaverit,
1136 750 1207 805 sicat
1223 749 1281 820 ipae
1296 765 1365 805 oon-

149 845 294 916 requenter
316 838 460 912 eapoanit:
488 841 643 914 quaesitam
666 843 723 906 eet,
754 850 873 915 pitanam
896 842 1016 912 tempora
1029 837 1203 912 potissimam
1221 851 1266 892 res
1284 841 1364 893 tauta

149 931 235 984 ettam
251 923 328 997 facto
347 923 496 995 doceretur,
514 932 539 982 et
553 928 583 983 in
599 923 671 984 illud
688 931 795 1001 tempas
812 928 939 997 accrrrrit,
957 942 1010 1001 pao
1026 927 1091 1000 ipra
1107 921 1305 981 commendatio
1316 941 1363 981 re·

150 1014 278 1091 tipicaiaa
298 1011 430 1070 inhaeret.
463 1011 519 1069 Sed
541 1031 575 1070 ne
598 1012 636 1071 od
653 1016 745 1089 ipsum
759 1018 964 1070 samammtrrrn
982 1011 1113 1087 baptismi
1135 1010 1274 1069 videretur
1295 1028 1362 1088 per·

149 1105 244 1170 dcere,
268 1099 349 1157 multi
370 1099 420 1157 lroc
443 1090 717 1159 inconsuetudinem
735 1105 852 1177 recipere
870 1099 1024 1157 noluerant.
1063 1097 1203 1158 Nonnulli
1223 1102 1305 1156 etiam
1331 1097 1365 1155 de

150 1188 345 1249 conanetndine
359 1184 472 1260 anferre
489 1206 544 1245 non
560 1187 760 1249 anatramrnar.
785 1187 883 1266 Aliqui
898 1195 990 1244 antem
1008 1193 1040 1244 nt
1060 1187 1111 1244 lroo
1124 1189 1277 1244 sacratiore
1293 1194 1363 1244 tem·

148 1295 216 1356 pore
230 1274 450 1335 commendarent
467 1282 492 1334 et
516 1279 715 1334 aeacrnrnenti
733 1275 896 1352 baptismate
913 1275 1121 1350 diatinprrerent,
1141 1273 1184 1332 nel
1204 1273 1275 1331 diem
1301 1281 1362 1332 ter-

149 1371 396 1434 cinnomannorum,
406 1366 623 1441 painternorine
633 1367 801 1422 namornsin
812 1363 1099 1421 rnaltiesaoramentie
1114 1365 1235 1419 macimc
1244 1360 1366 1435 recellit,

148 1453 190 1512 ael
207 1456 290 1511 etiarn
304 1455 397 1529 ipsam
416 1458 551 1524 octaonnr,
567 1460 597 1510 nt
612 1453 662 1511 too
676 1451 808 1524 facerent,
826 1451 972 1526 deponant.
993 1480 1028 1492 ·—
1044 1447 1072 1531 ᾗ.
1089 1447 1142 1510 27.
1160 1447 1192 1506 la
1210 1443 1360 1527 aliquibus

148 1535 286 1607 ecelesiis
303 1543 433 1597 sanctam
451 1535 657 1598 eucharistiam
674 1534 839 1598 accessuris
858 1537 947 1615 pedes
967 1554 1033 1596 esse
1046 1534 1135 1609 latua,¹
1151 1544 1183 1594 ut
1192 1534 1243 1594 tali
1255 1536 1359 1612 pedum

149 1622 337 1688 mundatione
354 1620 533 1703 signaretur,
552 1626 733 1686 mundandas
751 1643 818 1685 esse
835 1622 965 1695 animas,
989 1630 1144 1701 antequam
1164 1623 1306 1682 accedant
1322 1623 1360 1683 ad

146 1710 397 1796 participationem
415 1711 546 1791 corporis
565 1711 710 1789 dominici,
729 1712 879 1791 Rupertus
897 1713 980 1771 docet
996 1712 1033 1770 dc
1047 1709 1105 1771 div.
1122 1706 1237 1782 asnaa,
1254 1711 1306 1770 20.
1317 1744 1356 1755 -

148 1803 177 1886 ξ.
193 1801 245 1863 28.
268 1799 352 1860 Patet
377 1798 463 1860 etiam
487 1820 524 1860 ex
548 1799 701 1860 multorum
717 1798 774 1860 fide
792 1799 946 1877 dignorum
962 1796 1097 1881 seriptis,
1125 1798 1201 1878 quod
1227 1795 1359 1877 religiosi

147 1886 318 1972 praesertim
335 1885 467 1948 homines
484 1886 599 1967 piorum
615 1886 761 1969 hospitum
779 1897 807 1948 et
822 1905 982 1967 pauperum
1007 1887 1096 1965 perles
1121 1884 1277 1947 abluerint.
1310 1885 1358 1946 Ex

146 1995 255 2056 magna
272 1984 367 2039 autem
385 1987 536 2036 aucturum
554 1975 689 2054 capraea
705 1974 806 2037 saltem
820 1994 977 2034 recensere
991 1973 1080 2045 labet,
1108 1993 1183 2054 quac
1202 1965 1357 2034 Usaar‘das

147 2062 192 2148 (in
215 2062 421 2144 martyrologio
443 2064 480 2122 ad
503 2062 556 2127 Vll
577 2061 638 2123 kal.
655 2061 740 2140 Julii)
766 2060 889 2139 notauit,
918 2061 1030 2142 quirin
1051 2064 1237 2136 Ateaandrta,
1254 2059 1358 2141 inquit,

146 2155 255 2215 natalia
270 2156 361 2212 nancti
385 2152 528 2212 Gallicani
548 2157 695 2226 maneria,
717 2157 764 2231 qni
786 2171 848 2211 arm
872 2152 1087 2229 triumphaliter
1102 2150 1203 2223 tafalia
1218 2150 1358 2209 corilimo-

147 2252 203 2318 tna,
221 2238 348 2318 acceptas
364 2248 433 2299 eruet
449 2243 575 2316 Arrpasto
595 2242 786 2315 Uenetontino,
803 2249 829 2298 et
845 2259 929 2298 cama
951 2258 1000 2317 per
1015 2243 1104 2316 ipsine
1126 2237 1225 2312 filiam,
1249 2244 1359 2298 nornine

149 2332 351 2403 cananaeam,
369 2329 526 2413 addicisti
543 2337 678 2402 mamaeae
694 2328 849 2388 dotannem
866 2336 891 2386 et
906 2328 1028 2386 Paulam
1048 2326 1088 2385 nd
1108 2324 1191 2400 finem
1211 2346 1359 2386 conuersas

146 2424 197 2477 ont.
231 2416 324 2494 Hujus
347 2435 446 2475 sacrae
469 2420 608 2494 opinionto
631 2417 713 2491 fania
729 2415 903 2494 pootmodnrn
921 2420 951 2473 in
967 2423 1022 2473 toto
1040 2414 1104 2473 orbe
1122 2418 1151 2472 in
1174 2422 1283 2473 tantam
1305 2433 1358 2473 ca-

145 2509 238 2576 narr,
256 2512 287 2563 at
302 2504 337 2563 ab
356 2508 460 2567 criente
474 2512 499 2562 ct
516 2504 650 2563 occidente
665 2507 801 2564 coniectes
815 2502 938 2563 ciderunt
952 2507 1103 2574 circumeat
1118 2506 1237 2579 patricio
1253 2510 1357 2562 etaon-
1452 2516 1455 2521 ’

142 2594 212 2668 cala,
230 2593 370 2652 lavantem
385 2591 644 2671 pcdco‘paapermn,
661 2600 804 2669 porrectam
828 2609 967 2660 mensam,
1001 2602 1103 2668 apuam
1119 2589 1248 2648 manilrna
1263 2590 1357 2665 effan-

144 2674 258 2753 caum,
275 2680 467 2757 lanpaentilrr‘c
482 2679 598 2739 sollicite
614 2684 815 2740 ministrantem
832 2687 856 2738 et
874 2687 969 2769 cetera,
980 2686 1081 2736 cancta
1095 2681 1237 2736 aaraitrrtie
1260 2677 1360 2753 ospicia

83 2828 90 2835 ,
144 2770 321 2828 annitentem.
350 2802 383 2812 -
412 2765 439 2850 ᾗ.
466 2764 519 2826 29.
550 2765 616 2825 Hoc
640 2765 810 2826 humilitatis
834 2763 998 2844 exemplum
1023 2762 1129 2823 imitari
1154 2762 1275 2824 voluere
1298 2784 1357 2825 aon

144 2860 232 2936 pauci
247 2854 404 2935 utriusque
421 2872 512 2915 sexus
527 2851 671 2913 hominos.
705 2852 756 2914 Sic
774 2852 889 2914 Helena
906 2850 1090 2913 Constantini
1107 2850 1151 2911 Μ.
1169 2861 1276 2929 mater,
1297 2856 1357 2914 Ni-

145 2945 260 3023 ceptoro
277 2940 421 3003 referente
451 2937 496 3025 (8,
514 2940 581 3019 31.)
599 2941 666 3021 ipsa
683 2941 775 3002 sacris
791 2940 955 3020 virginibus
973 2942 1009 3000 ad
1033 2937 1137 3019 opulas
1154 2939 1268 3000 voeatis
1292 2941 1356 3003 suis

144 3028 174 3090 in
190 3029 326 3091 manibus
344 3030 440 3091 ascani
459 3028 605 3109 apposuit,
621 3028 790 3091 malluvium
809 3038 836 3089 ct
851 3028 957 3108 aquam
975 3026 1109 3108 praebuit
1125 3024 1242 3107 aliaque
1260 3028 1357 3091 ornain

144 3116 308 3179 ministeria
327 3116 429 3192 leniuit,
453 3127 529 3197 quae
553 3117 684 3179 convivis
702 3116 830 3178 inuitatis
847 3115 987 3178 exhihere
1003 3114 1092 3176 moris
1111 3124 1163 3176 est.
1198 3115 1358 3196 lanperatan
1451 3146 1455 3153 ·

145 3209 300 3268 Lotlrartae
322 3224 387 3265 cum
404 3220 459 3264 sua
476 3205 602 3283 conjuge
618 3206 734 3281 Biclara,
751 3211 835 3265 Patro
859 3211 983 3265 Diacono
1000 3212 1072 3264 teste
1084 3205 1130 3279 *),
1158 3223 1235 3285 aqua
1260 3206 1357 3268 calida

146 3292 303 3375 quotannis
320 3312 480 3373 pauperum
498 3294 586 3371 pedes
604 3292 734 3372 adpersit
751 3301 778 3352 et
794 3291 895 3353 oscula
912 3301 1067 3353 veneratus
1084 3299 1137 3351 est.
1155 3294 1286 3353 Attentos
1296 3297 1357 3355 Ar-
1409 3360 1417 3371 ,

148 3384 335 3462 cttepisooprrs
353 3386 511 3442 Bremenoic
527 3382 610 3441 talam
624 3384 805 3443 lorrrnilitatem
820 3383 889 3442 aclis
905 3380 1026 3440 collinit
1041 3384 1129 3439 aemio
1144 3385 1206 3455 Dei,
1224 3386 1357 3461 paoperi-

143 3471 194 3530 bus
210 3480 236 3530 et
253 3474 567 3549 peregrinantium
583 3479 730 3549 antequam
746 3471 864 3529 cniitnm
889 3475 943 3530 iret
958 3473 1073 3546 triptota
1089 3476 1114 3527 ct
1139 3470 1262 3547 ampliora
1278 3491 1357 3531 rnen-

142 3558 297 3620 dloantilrar
318 3577 389 3634 pena
412 3556 486 3632 pleno
509 3558 591 3635 peden
616 3560 732 3619 lavaret.
780 3558 958 3636 Principibus
982 3566 1073 3616 autam
1101 3558 1189 3616 “cecati
1212 3558 1357 3621 tramit-iuri

140 3648 219 3707 atella
236 3645 317 3703 moda
334 3647 429 3717 aolait,
449 3644 524 3724 quod
540 3643 584 3704 M.
594 3644 722 3706 Adamas
739 3645 835 3706 Brcm.
852 3644 941 3706 refert
956 3641 986 3721 3,
1004 3645 1033 3705 3.
1052 3641 1113 3705 cfr.
1131 3642 1271 3705 Albertus
1285 3646 1356 3707 Sta·
1464 3698 1469 3705 .

143 3730 246 3793 densis
264 3731 300 3789 ad
315 3744 344 3790 a}
362 3729 456 3791 1043.
475 3768 511 3780 -
531 3730 559 3814 §.
579 3730 944 3795 connumerandam
970 3730 1067 3792 adhue
1090 3727 1178 3792 hodic
1204 3732 1234 3791 iu
1257 3732 1356 3795 maltis

143 3816 323 3881 secularium
341 3837 456 3898 quoqne
472 3816 549 3879 aulis
566 3819 673 3882 usitata
690 3829 742 3897 est,
766 3820 909 3902 siquidem
928 3821 992 3901 ipse
1010 3820 1210 3881 Romanorum
1227 3818 1357 3901 impera-

141 3918 187 3970 tor
202 3907 259 3967 hoo
274 3905 409 3968 viridiora
427 3905 475 3967 dic
491 3926 653 3988 pauperum
671 3909 753 3990 prius
772 3909 867 3971 calida
890 3928 968 3991 aqua
983 3907 1014 3968 in
1040 3904 1146 3967 balneo
1171 3905 1357 3985 perfusorum

143 3997 234 4076 pedes
251 3992 623 4083 publicolarare,·eosdenr
641 3997 784 4070 omnihus,
802 3998 852 4079 qui
868 3999 984 4071 adsunt,
1001 3993 1234 4075 inspectantibus
1246 3996 1356 4080 cibare,

142 4083 179 4145 iis
195 4083 231 4143 ad
251 4101 378 4144 mensam
397 4083 564 4144 ministrare
581 4102 635 4145 uec
652 4104 711 4144 nou
731 4085 868 4164 singulos
886 4103 962 4146 noua
981 4091 1061 4144 veste
1078 4100 1113 4143 ac
1129 4102 1247 4146 nummo
1265 4107 1356 4151 aurea

143 4172 253 4232 donare
277 4170 398 4251 dicitur,
431 4172 511 4252 qaod
532 4170 704 4233 hamilitatis
727 4173 853 4234 alliciam
877 4179 1005 4254 augusta
1030 4189 1146 4253 quaque
1171 4171 1356 4254 imperatoris

143 4259 251 4342 conjux
275 4259 376 4320 codem
396 4259 453 4322 *die
475 4276 511 4321 ao
530 4267 664 4341 tempore
686 4260 718 4321 iu
741 4258 799 4326 alio
830 4263 953 4345 quodam
978 4273 1113 4342 separato
1131 4259 1198 4325 loco
1217 4264 1357 4333 tredecim

212 4534 243 4602 l)
262 4534 291 4592 ta
310 4537 433 4592 chronico
454 4535 603 4595 cassinensi
622 4535 649 4605 4,
669 4540 713 4594 73.
