3144 5056
493 323 530 384 do
547 318 624 384 lento
640 327 809 387 meterem
824 318 975 383 luminum.
1279 321 1344 389 ttt

127 495 212 563 annis
230 480 386 558 aludaeie
402 513 456 577 per
474 492 624 561 octiduum
641 491 908 577 celebrarentur*).
939 493 986 556 ut
1001 513 1037 558 eo
1053 501 1181 577 ternpore
1196 493 1345 560 sollennia

126 585 183 649 ista
199 581 305 666 quovis
321 603 400 644 nuno
417 579 565 646 celebrata
594 604 660 647 csso
678 603 791 663 suaque
819 583 914 645 adhuc
936 591 1032 645 aetate
1056 581 1243 659 obtinuisse,
1258 583 1343 647 tentis

127 684 172 737 ost
187 669 338 752 Jcseplrun
356 670 458 755 (datiq
481 669 545 753 jud.
557 671 607 748 12,
624 673 680 749 7.),
699 670 748 752 qni
766 669 850 735 etiem
871 669 971 747 refert,
991 689 1097 732 nomeu
1113 670 1181 732 lrnic
1196 671 1272 734 testo
1288 673 1344 734 da-

58 758 69 770 '
126 771 185 824 tour
204 780 273 823 esse
290 752 389 835 portel,
405 757 450 822 rel
468 766 501 819 nt
516 757 566 820 alii
584 758 726 835 ecrilruot,
744 754 896 836 φῶτα**).
920 756 1004 819 Ηοοο
1021 765 1092 819 sunt
1107 755 1250 836 ίγιιαίιια,
1267 779 1342 840 quae

16 884 17 891 υ
101 888 104 895 .
127 846 265 911 Clrristns
279 840 529 927 Hierososolyruis
544 844 712 920 celebrarit,
741 854 773 906 nt
788 845 852 906 loir.
871 843 922 923 10,
938 846 990 906 22.
1007 841 1131 926 23.***)
1149 844 1286 924 legimus,
1303 847 1342 911 nt

16 940 17 945 ’
126 955 212 1018 quem
229 933 326 996 lccuru
342 931 442 1012 Liglr
454 931 610 994 tinctus
626 932 672 1012 (iu
689 930 779 994 Horis
795 932 888 995 Helm.
905 942 934 995 ct
949 928 1091 993 Talmud.
1109 933 1148 993 ad
1168 933 1343 1012 iohannem)

126 1023 218 1087 molta
243 1041 280 1083 cx
308 1017 495 1082 Talmudicis
521 1019 714 1100 scriptoribus
743 1018 904 1099 congessit,
932 1039 1008 1102 qnae
1033 1017 1079 1083 iric
1097 1039 1156 1081 non
1173 1020 1343 1103 repetimus.

125 1110 211 1175 Unus
226 1105 289 1186 ille,
306 1092 392 1188 qdcm
402 1105 524 1170 exlllai
536 1127 616 1169 enon
626 1106 688 1168 ide
704 1103 811 1182 attulit,
825 1106 909 1169 locns
925 1107 1035 1186 dignus
1052 1117 1107 1184 est,
1125 1128 1211 1188 quem
1226 1108 1343 1170 adseri-
1454 1150 1462 1165 .

127 1200 244 1261 bomne.
269 1195 312 1257 lta
328 1216 397 1257 roro
414 1193 464 1257 ille
483 1192 667 1278 (inoflilclrnt
682 1191 830 1274 Megillelr
846 1200 875 1254 et
890 1191 1106 1274 cherucham:
1126 1194 1271 1277 „Propter
1286 1194 1343 1259 hoc

128 1283 318 1351 instituerant
335 1281 492 1363 sapientes,
511 1300 560 1362 qut
579 1292 663 1344 crant
679 1280 710 1342 in
723 1280 782 1343 ista
798 1281 1008 1361 generatione,
1035 1289 1065 1342 nt
1085 1290 1150 1342 octo
1175 1280 1222 1343 isti
1245 1281 1344 1345 diesa

81 1426 83 1430 .
128 1372 183 1437 25.
200 1368 325 1434 Clrislen
342 1370 402 1435 sint
418 1367 481 1431 dies
496 1365 634 1446 laetitiae,
655 1380 683 1431 ct
691 1366 800 1445 Hordei,
817 1377 907 1449 utque
926 1367 1009 1430 iniis
1027 1370 1190 1431 accendant
1203 1368 1342 1433 lacerans

15 1502 23 1527 2
127 1479 254 1540 vespere
270 1459 307 1519 ad
324 1454 400 1518 ostia
418 1458 588 1534 domorum,
610 1476 786 1539 unaquaque
803 1463 889 1518 nocte
912 1455 1034 1518 istarum
1052 1467 1117 1518 octo
1134 1458 1170 1518 cd
1187 1457 1344 1521 declaran-

15 1598 16 1613 ,
130 1548 200 1609 dnm
219 1555 250 1607 et
265 1543 511 1607 manifestandum
528 1543 599 1605 illud
617 1541 799 1606 miraculum.
817 1542 856 1605 Et
871 1542 935 1605 dies
951 1542 999 1605 isti
1017 1553 1158 1605 rorantur
1173 1560 1271 1623 natta,
1288 1545 1344 1607 boc

133 1646 189 1711 est,
207 1631 364 1709 dedicatio,
381 1643 409 1693 et
425 1630 594 1711 prohibetor
609 1631 639 1692 in
655 1631 692 1693 iic
709 1631 813 1710 lugere
830 1639 860 1693 el
872 1631 1039 1712 jejunare.“

15 1772 16 1795 ,
212 1718 298 1783 Haec
314 1721 350 1781 dc
367 1718 481 1799 origine
498 1718 703 1781 encaeniorum
720 1717 870 1781 monuisse
886 1717 1023 1782 sufficiat.
1052 1716 1150 1780 Malta
1171 1726 1269 1782 aulem
1285 1717 1343 1783 iru-

15 1804 16 1881 ss
128 1806 266 1888 pediunt,
296 1828 353 1889 quo
380 1805 583 1870 minusculis
599 1808 837 1888 persuadeamus,
855 1806 929 1867 lesto
945 1804 987 1867 illi
1005 1807 1181 1869 ludaeorum
1199 1806 1343 1886 originem

128 1888 236 1958 uetere
260 1892 475 1957 sollennitatenu
503 1893 659 1957 memoriae
685 1892 794 1956 Christi
820 1892 878 1954 nati
901 1913 1025 1956 sacrorn.
1056 1893 1198 1956 Novimus
1217 1893 1343 1974 quidem,

128 2003 187 2043 nna
205 2002 320 2063 paucos
333 2002 398 2045 cum
415 1980 601 2060 Vitriaga
615 1992 644 2043 et
659 1981 794 2060 Steph.
812 1977 850 2042 1ο
868 1980 1008 2063 Moyae
1023 1979 1055 2041 in
1071 1980 1146 2042 irone
1162 1983 1342 2062 propendere

129 2067 314 2144 sententiam,
338 2066 572 2131 Christianorum
600 2066 663 2131 dies
686 2067 779 2130 lentos
804 2069 981 2148 praecipuos
1008 2068 1142 2131 asnonio
1156 2069 1342 2148 ludaeorum,

129 2155 187 2222 imo
206 2156 292 2218 etiam
308 2155 462 2237 gentilium
473 2155 557 2218 leriis
567 2154 711 2236 originem
728 2176 812 2217 snam
831 2155 972 2218 derivare.
989 2157 1026 2217 At
1042 2177 1110 2217 rere
1129 2176 1204 2236 quac
1223 2156 1252 2217 in
1266 2155 1342 2221 lonae

129 2265 192 2306 rem
212 2243 288 2306 dicta
304 2253 374 2307 sunt
389 2242 514 2322 piurima
530 2242 661 2324 speciem
677 2242 792 2325 quidem
809 2239 937 2324 aliquam
955 2263 1025 2324 prae
1043 2261 1076 2304 se
1094 2243 1208 2316 lerunt,
1223 2246 1275 2306 sed
1293 2244 1341 2305 in-

130 2341 175 2393 ter
191 2330 377 2412 conjecturae
395 2329 500 2392 limites
513 2329 689 2393 subsistunt.
723 2328 830 2393 Verum
849 2329 966 2411 quidem
988 2342 1049 2406 est,
1069 2329 1177 2409 primes
1198 2331 1226 2391 ln
1253 2329 1343 2397 Chri·

132 2415 293 2480 stinnnrum
309 2425 393 2479 coctu
405 2436 556 2479 sacrorum
573 2416 718 2479 antistites
734 2416 875 2496 ipsosque
893 2419 966 2479 adeo
978 2415 1198 2497 Apostoloslros
1216 2416 1343 2500 illasque

131 2524 303 2586 synogogae
319 2503 392 2565 ritns
409 2503 587 2566 subiaitium
605 2502 755 2580 nascentis
772 2501 916 2565 ecclcsiae
933 2505 1078 2583 abrogare
1090 2503 1222 2566 uoluisse
1237 2506 1344 2568 multa·
1372 2498 1377 2505 ’

131 2589 236 2674 quein
252 2584 661 2673 istosritusncyacrupidnee
678 2610 743 2653 esse
761 2608 851 2665 usos,
877 2592 928 2652 sed
953 2589 1009 2652 isto
1036 2602 1209 2670 argumento
1234 2591 1265 2653 in
1287 2590 1344 2679 lucc

131 2699 222 2740 cenea
238 2678 320 2763 multi
339 2679 506 2742 abutuntur.
532 2676 606 2740 Cum
625 2697 682 2738 non
700 2675 788 2739 liceat
803 2677 889 2739 nubis
906 2677 937 2738 ia
953 2677 1251 2759 tintorirnnueton,
1268 2701 1344 2762 quae

131 2764 309 2843 Christianis
325 2765 471 2827 sollennia
489 2774 567 2839 suut,
583 2765 723 2827 festorum
739 2784 906 2843 excurrere,
920 2764 1010 2845 justis
1032 2784 1090 2827 nos
1100 2764 1281 2828 continemus
1304 2768 1344 2829 li·

132 2853 259 2917 mitibus.
292 2852 353 2930 Qui
369 2874 455 2915 sacra
472 2850 804 2915 natalitielesuClrristi
821 2852 859 2914 ab
872 2852 1021 2914 encaeniis
1039 2851 1182 2933 originem
1200 2852 1344 2919 habuisse

132 2940 308 3016 existiment,
324 2939 455 3003 nituntur
470 2940 629 3021 praecipue
646 2951 705 3003 turn
723 2939 858 3014 nominis,
875 2942 952 3022 qood
969 2960 1061 3021 snpra
1076 2939 1243 3022 posuimus,
1258 2935 1344 3007 siuri-

129 3026 262 3106 litudine,
279 3037 340 3090 torn
356 3026 476 3107 mensis,
493 3027 524 3091 ia
540 3048 627 3111 quern
645 3038 799 3111 utrunque
815 3027 922 3090 festum
943 3027 1054 3106 incidit,
1079 3027 1267 3112 aequalitate.
1299 3031 1344 3095 dd

198 3234 225 3297 *)
251 3230 401 3287 Mandalum
428 3233 493 3285 illud
521 3235 545 3286 l.
566 3230 651 3286 Mace.
669 3231 696 3298 4,
718 3234 761 3288 69.
782 3234 822 3285 ltin
840 3232 993 3301 exprimitur
1012 3231 1115 3287 rerbln:
1151 3234 1209 3291 Καὶ
1233 3234 1347 3301 ἔστησαν

125 3296 234 3360 Ἰούδας
257 3302 305 3352 καί
327 3302 406 3353 adore
432 3301 561 3367 ἐκκλησία
583 3298 700 3367 Ἰσραὴλ,
723 3301 769 3352 ἵνα
789 3296 909 3384 ἄγωνται
930 3303 959 3352 σί
979 3294 1077 3370 ἡμέραι
1094 3300 1276 3369 ίγκιυυισμοῦ
1297 3305 1345 3356 τοῦ

129 3372 330 3437 θυσιαστηρίου
347 3370 378 3422 ἐν
396 3372 454 3428 τοῖς
465 3373 579 3437 ’καιροῖς
597 3367 688 3421 αὐτῶν
708 3368 837 3422 decoctor
856 3366 911 3422 κατ’
933 3368 1061 3423 ίιυαυιὸυ
1079 3364 1181 3438 ἡμέρας
1198 3369 1268 3424 ὀκτὼ
1287 3364 1345 3425 elad

128 3439 175 3503 τῆς
197 3440 327 3507 πέμπτης
353 3439 400 3489 καί
425 3431 537 3497 ιίιιιίιίος
559 3441 608 3492 τοῦ
635 3434 724 3506 μηνὸς
746 3439 880 3507 xantici,
907 3435 962 3506 μετ’
990 3431 1164 3507 ἐυφροσύνης
1183 3442 1232 3493 real
1245 3442 1344 3510 χαρᾶς.

130 3508 177 3560 tlte
195 3508 295 3574 gemina
315 3514 385 3573 suat,
405 3524 471 3576 quae
492 3508 571 3561 lrolret
587 3507 761 3575 loscphue
781 3508 854 3574 (Ant.
870 3508 927 3575 jud.
948 3509 966 3561 Ι.
986 3511 1022 3575 ο.)
1046 3509 1101 3576 qui¹
1117 3510 1182 3563 lreue
1212 3511 1344 3578 observet,

129 3578 197 3629 hono
214 3592 347 3631 sacrorum
364 3577 517 3630 rotleoninn
538 3578 754 3631 restaurationem
779 3577 874 3629 laetam
899 3593 956 3630 eone
981 3579 1070 3631 roten
1093 3588 1152 3647 post
1170 3581 1271 3648 elapsos
1292 3589 1345 3634 tres

130 3661 211 3699 anuos
232 3645 284 3706 die,
302 3660 353 3712 quc
370 3647 491 3713 templum
510 3646 687 3698 enuntiante
706 3644 742 3697 li.
760 3647 920 3698 destructum
940 3646 1035 3699 luerat.

199 3714 247 3781 **)
264 3712 363 3777 Discus
379 3716 424 3782 qni
442 3716 588 3782 adponetor
611 3715 685 3767 locus
702 3715 743 3766 lnio
761 3721 815 3767 eet:
853 3715 910 3765 Kal
929 3714 958 3774 ίξ
974 3715 1081 3769 terroe
1098 3717 1177 3785 μέχρι
1197 3714 1280 3779 deipo
1295 3711 1367 3779 ripr-

130 3777 227 3845 ίορτίιν
250 3777 360 3850 ι’ίγομιν
381 3784 529 3842 culcitrae
553 3779 639 3843 αὐτὴν
664 3778 756 3851 φυτά.
793 3781 909 3836 Neminie
930 3785 1056 3838 raticnenn
1076 3788 1142 3838 hooc
1161 3785 1295 3850 adjungite
1315 3784 1346 3837 dtr

129 3851 179 3902 tori
197 3851 259 3919 aad
272 3848 393 3917 ίλπίδας
409 3846 487 3920 οἶμαι
507 3845 608 3915 ταύτην
625 3846 694 3927 ἡμῖν
712 3851 836 3920 φανῆναι
857 3850 905 3914 τὴν
923 3853 1065 3919 ἐξουσίαν,
1086 3850 1135 3914 rire
1155 3857 1347 3920 προσηγορίαν
1425 3858 1428 3867 ’

130 3921 244 3987 θέμενοι
270 3919 302 3990 τῇ
327 3918 416 3990 ἑορτῇ.
454 3920 482 3972 ln
507 3923 557 3973 lruc
581 3920 683 3987 quidem
704 3921 812 3973 neminis
837 3918 918 3991 φωιὰ
937 3922 1151 3990 interpretntione
1169 3922 1347 3975 recensitio·

130 3989 258 4055 seplruo
278 4003 294 4039 a
313 3989 397 4052 gentis
416 4004 479 4041 suae
498 3990 644 4055 magistris,
670 3990 713 4057 poi
733 3990 1029 4059 lucernorum'ternporo
1048 3993 1097 4041 hoe
1121 3991 1230 4043 eollenni
1255 4007 1346 4046 necea·

131 4071 217 4109 sanum
237 4056 427 4110 mollitudinem
446 4074 540 4110 ιιοιοιιιι
560 4059 599 4109 ιίίι
619 4059 781 4111 occasionem
799 4061 901 4112 dedisco
920 4059 975 4112 iere
995 4074 1085 4111 omues
1102 4061 1247 4127 periclitent-
1290 4061 1347 4114 »ne

131 4124 207 4179 cilius
225 4132 312 4177 temon
332 4127 398 4179 trano
417 4127 611 4183 admitteremus
633 4127 828 4191 etymologiam,
857 4144 932 4196 quarn
951 4128 1061 4195 tepidam
1080 4128 1150 4181 illan
1170 4145 1185 4181 o
1205 4128 1347 4183 idaim·-

132 4193 210 4245 nide
228 4193 247 4245 l.
272 4210 296 4245 c.
317 4203 448 4246 narratum
467 4195 590 4255 tunulum,
613 4196 714 4246 scilicet
732 4198 834 4248 unicum
852 4198 926 4248 modo
946 4196 997 4248 olei
1015 4202 1073 4264 purl
1091 4199 1170 4250 lentie
1189 4199 1238 4250 lan
1266 4200 1346 4252 friaco

132 4260 158 4313 ln
178 4262 275 4330 templo
293 4270 432 4331 repertam,
453 4279 519 4331 quae
537 4264 582 4315 rix
594 4263 638 4317 cai
655 4263 801 4317 suffecisset
818 4266 886 4330 diei,
904 4265 1030 4318 miraculo
1055 4274 1140 4319 notem
1163 4215 1258 4320 idolum
1277 4283 1351 4334 esso,

132 4336 160 4381 nt
179 4346 227 4398 per
249 4338 333 4385 tetum
352 4333 482 4385 octiduum
512 4332 624 4387 arserint
643 4332 780 4399 lucernae,
800 4335 882 4385 denec
900 4334 970 4386 oliod
989 4335 1071 4388 oleum
1093 4352 1183 4405 purum
1203 4338 1347 4406 occupor-ari

132 4401 255 4466 potuerit.
293 4400 361 4453 iiico
377 4409 404 4452 et
424 4401 528 4465 φωτῶν
548 4408 576 4455 ot
590 4397 756 4467 λυχνοκαίιις
773 4419 864 4455 neuen
883 4410 993 4455 sontum
1013 4412 1138 4472 potarunt
1154 4406 1265 4458 creduli.

201 4468 266 4537 m)
286 4467 399 4521 dottitur
415 4469 482 4523 Nou
493 4470 627 4551 autfini
647 4470 673 4520 in
688 4471 840 4537 poroplrrosi
855 4472 965 4525 metrica
979 4471 1105 4527 lobannis
1122 4476 1207 4527 Ιοοιιι
1222 4475 1294 4528 illum
1314 4475 1347 4527 de

133 4532 198 4591 lento
217 4538 245 4593 iu
263 4539 413 4595 memorien
431 4540 581 4606 inuasurum
599 4537 687 4607 ternpli
703 4537 850 4596 Salomonei
867 4540 998 4596 celebrato
1016 4545 1211 4615 interpretetur.
