3144 5056
218 305 313 373 ‚loo
505 290 509 295 '
760 272 957 363 inlatam
1055 284 1059 291 '

243 445 400 562 Mosen),
417 442 446 541 et
461 458 657 550 Eustatbiaui,
672 471 749 535 ritae
762 475 908 538 asceticae
921 493 1023 551 causa,
1034 470 1167 553 singulis
1180 471 1324 536 sabbatis
1332 472 1472 554 jejunium
1546 504 1547 567 ι

246 568 443 642 instituerent,
460 573 537 626 totus
553 573 649 625 tamen
665 559 831 642 primaevus
850 561 1083 637 cbristiauorunr
1108 570 1218 624 coelus
1243 560 1277 623 ia
1304 561 1417 623 oriente
1431 570 1473 623 at·
1546 576 1547 629 r

247 678 305 740 que
329 654 489 729 occidente,
514 650 620 730 borum
642 650 790 712 bominum
808 649 967 713 doctrinam
985 651 1138 729 damnans,
1163 672 1184 713 a
1199 649 1322 733 jejunio
1348 649 1473 712 abstine·
1546 648 1547 705 ἶ

246 749 306 808 bat.
349 744 442 822 Quem
467 759 671 809 vero.murem
702 759 754 818 per
776 741 834 801 duo
861 738 982 819 plurave
1004 736 1104 819 priora
1128 749 1202 820 post
1227 737 1303 801 Cbr.
1319 759 1350 801 n.
1377 735 1473 799 secula

244 831 388 913 riguisse,
414 828 518 890 saltem
541 824 719 888 Tertulliani
747 830 926 908 temporibus
951 824 1045 886 adbuc
1067 826 1166 889 fuisse
1192 827 1227 888 in
1242 828 1326 903 'usu,
1352 824 1472 905 exejus

243 918 336 1000 liquet
351 915 519 988 uerbis**):
535 936 585 976 eur
599 917 721 991 ieiunis,
739 913 908 996 inquientis,
925 914 1117 993 parasceuen?
1132 936 1307 997 quiunquam
1324 936 1376 976 ιιι
1397 918 1472 974 etium

244 1008 399 1082 sullanum,
423 1009 450 1065 ei
474 1004 585 1084 quondo
609 1008 795 1078 continuatim
818 1023 960 1083 nuaqrtnm
984 1007 1041 1061 aiei
1063 1007 1094 1063 ia
1114 1008 1260 1085 praebete
1279 1003 1471 1082 §monendum
1546 1008 1547 1081 l

242 1095 392 1155 mmadum
414 1097 551 1153 rationem
566 1089 633 1149 olibi
648 1091 792 1153 redditum.
827 1086 1052 1170 Insequentibus
1074 1112 1144 1153 vero
1167 1090 1293 1155 seculis
1318 1084 1472 1151 nonnullae

243 1177 514 1255 ecclesiaelatinae,
525 1175 895 1259 praeeuntessonana*¹*)‚
916 1172 1185 1265 singulissabbatis
1192 1179 1343 1262 jejunare
1360 1177 1473 1256 inrepe-

241 1278 321 1344 runt‚
337 1266 412 1328 inter
429 1286 502 1348 quas
517 1262 689 1346 praesertim
707 1264 873 1346 Hispanico
889 1272 934 1327 est
950 1262 1113 1344 referenda,
1137 1269 1220 1348 quod
1240 1262 1344 1330 canon
1360 1258 1472 1326 concilii

242 1352 413 1417 llliberitani
429 1352 501 1415 satis
520 1351 631 1432 probat,
649 1352 731 1412 bisce
747 1351 863 1414 verbis:
880 1372 999 1416 errorent
1015 1353 1121 1430 pluemt
1132 1362 1250 1433 corripi,
1269 1365 1304 1417 ut
1320 1359 1398 1415 amai
1409 1350 1470 1411 eul-

240 1444 300 1503 butt
332 1443 376 1502 die
398 1442 570 1517 jejuniorum
591 1445 824 1517 superpositiones
847 1438 1061 1519 celebremusi).
1107 1440 1358 1505 Mediolanensis
1383 1448 1471 1501 tenen
1546 1448 1547 1487 ἲ

243 1526 403 1606 pluresque
418 1524 496 1586 aliae
512 1523 657 1586 ecclesiae
672 1523 782 1586 latinae
798 1543 853 1586 neo
867 1546 926 1588 uon
944 1523 1043 1589 variae
1059 1527 1090 1587 in
1107 1528 1210 1591 Africa
1223 1530 1370 1591 florentes
1380 1523 1470 1587 eecle-

242 1613 305 1676 siae
329 1622 455 1682 ueterem
482 1611 645 1672 retinebant
661 1610 899 1673 consuetudinem
918 1623 946 1675 et
962 1613 1116 1696 ajejnniis
1133 1617 1254 1680 eunctis
1273 1613 1393 1678 sabbati
1410 1609 1469 1672 die·

195 1722 200 1739 ·
243 1703 300 1763 bus
324 1698 520 1779 suscipiendis
544 1696 738 1774 abstinebant,
766 1699 843 1779 quod
868 1699 954 1763 ctiam
978 1701 1137 1767 aGraecis
1154 1703 1255 1766 luisse
1273 1706 1466 1768 observatum,
1546 1718 1547 1783 }

240 1808 278 1850 ex
295 1806 407 1849 canone
424 1805 507 1848 cone.
529 1780 668 1845 Trullani
692 1785 859 1866 perspicere
881 1784 1033 1867 lieet††):
1067 1796 1199 1871 quonium
1217 1794 1422 1861 intelleximus,
1437 1787 1465 1844 ia
1546 1794 1547 1869 f

239 1880 432 1937 Romanorttm
449 1879 558 1937 rioilute
581 1879 611 1933 in
627 1874 733 1935 euantis
748 1875 978 1955 qundruqeeimee
988 1879 1107 1956 jeiuniis
1122 1884 1153 1939 r'n
1168 1882 1230 1957 ejus
1247 1880 1381 1939 sabbatis
1390 1874 1464 1952 jein·

238 1969 313 2038 nari,
337 1973 449 2042 praeter
472 1963 685 2022 molestissimam
708 1963 843 2023 traditum
867 1966 1090 2040 obseruationem,
1117 1976 1234 2029 suamne
1249 1967 1365 2039 synodo
1379 1966 1464 2023 eleuat

238 2061 288 2123 eol,
303 2061 335 2111 ut
350 2056 380 2112 in
397 2056 589 2111 Romanorum
605 2069 711 2128 quoque
733 2052 847 2111 eooleeiu
870 2057 1051 2115 inconcinnus
1073 2057 1147 2114 sires
1170 2055 1275 2115 babent
1302 2071 1405 2121 conon,
1420 2049 1465 2125 qui
1546 2056 1547 2091 l

197 2166 209 2187 s
238 2141 322 2201 dioilr
349 2143 376 2198 si
399 2144 462 2219 quis
484 2140 599 2198 omnious
614 2143 742 2198 inventare
766 2140 852 2213 facerit
877 2145 906 2200 ia
931 2150 1027 2202 eenole
1047 2141 1092 2200 die
1116 2141 1255 2201 dominico
1281 2143 1328 2202 cel
1352 2137 1462 2199 sabbata
1544 2148 1547 2193 t

232 2226 373 2304 imbuere,
389 2235 499 2304 praeter
513 2245 599 2284 uorem
615 2234 640 2283 et
655 2226 754 2298 nolum,
771 2228 935 2304 deponatur,
951 2234 997 2289 ain
1012 2237 1105 2287 uuum
1123 2230 1211 2288 iniens
1228 2233 1278 2304 sit,
1297 2231 1460 2306 sepreqetut·

324 2310 537 2372 lnstitntio
562 2310 644 2371 diei
670 2311 856 2372 dominici
882 2315 927 2375 ab
955 2313 1168 2394 Apostolis
1194 2313 1372 2395 ejusque
1398 2327 1460 2371 ce·

237 2396 814 2463 lebratiointeerristiaaos
840 2409 1004 2463 veteres.
1036 2401 1168 2481 Apostoli
1185 2403 1333 2481 abrogato
1351 2399 1484 2461 tuom,

138 2545 148 2550 .
237 2508 322 2550 orum
332 2489 455 2550 sabbato
464 2483 553 2548 alium
564 2488 708 2567 quendam
718 2486 793 2548 diem
811 2486 972 2569 etquidem
990 2489 1114 2570 primum
1126 2489 1319 2552 hebdomadis
1337 2488 1377 2548 ad
1395 2479 1459 2545 cul·
1546 2490 1547 2493 ’

211 2587 298 2639 ‘taur
323 2577 387 2639 Deo
410 2576 618 2655 praestandum
643 2570 732 2655 paulo
759 2584 827 2654 post
850 2574 959 2638 Christi
983 2579 1160 2641 adscensum
1176 2575 1383 2647 destinabant,
1402 2587 1457 2650 qno

237 2663 445 2725 convenientes
468 2661 628 2740 religiosas
659 2665 842 2742 peragebant
870 2663 1003 2725 actiones
1027 2674 1056 2726 et
1078 2664 1249 2745 praesertim
1275 2682 1346 2723 cum
1374 2664 1458 2718 coetu

235 2769 340 2809 recens
373 2767 517 2808 converso
540 2746 729 2807 celebrabant
753 2767 934 2828 coenams,
966 2751 1051 2812 ouius
1076 2751 1191 2832 quidem
1216 2749 1257 2812 rei
1286 2739 1459 2809 testimonia

234 2828 314 2896 haud
332 2836 458 2894 obscura
475 2853 513 2894 cx
530 2830 620 2892 variis
638 2832 676 2893 N.
694 2833 733 2890 Τ.
758 2830 832 2894 locis
857 2836 986 2913 depromi
1011 2857 1103 2915 posse
1125 2839 1267 2899 ridentur.
1310 2832 1457 2912 Legimus
1484 2834 1487 2847 “
1546 2850 1547 2865 ι

195 2928 198 2935 ’
234 2919 312 2982 enim
328 2921 392 2981 dot.
405 2916 458 2993 20,
476 2920 517 2994 7.,
541 2914 664 2977 Paulum
689 2917 853 2994 apostolum
876 2921 969 2999 primo
988 2921 1034 2980 die
1051 2923 1249 2995 hebdomadis,
1276 2938 1343 2981 curn
1364 2916 1457 2980 cmi-

234 3005 322 3069 stiani
346 3024 450 3067 recens
472 3003 604 3066 conversi
630 3002 802 3082 congregati
835 3016 947 3083 essent,
979 3025 1083 3087 panem
1110 3016 1142 3068 nt
1166 3006 1357 3082 frangerent,
1386 3007 1457 3080 (per
1546 3052 1547 3059 ,

234 3113 321 3176 quam
342 3087 517 3156 locutionem
541 3109 615 3153 usas
640 3110 665 3155 s,
690 3109 799 3152 coenae
816 3104 860 3154 est
880 3092 1102 3174 intelligendus)
1130 3092 1268 3176 postridie
1292 3089 1455 3166 abiturum,
1546 3114 1547 3177 }

221 3202 299 3245 ‘curn
317 3180 354 3243 iis
372 3178 552 3241 disseruisse
570 3197 791 3260 sermonemque
816 3183 856 3263 ad
879 3180 1003 3243 mediam
1019 3201 1116 3262 usque
1131 3190 1246 3243 noctem
1261 3175 1453 3261 produxisse.
1546 3180 1547 3259 f

232 3268 312 3334 laen
335 3269 447 3332 Paulus
472 3268 603 3350 ejusdem
627 3264 684 3328 diei
712 3268 740 3329 l.
757 3266 825 3331 Cor.
846 3266 897 3346 lb,
917 3272 944 3333 l.
969 3270 1144 3332 mentionem
1168 3267 1250 3349 iacit,
1274 3264 1452 3347 utquisque
1546 3264 1547 3321 l

229 3416 472 3436 W

190 3548 195 3557 .
302 3490 476 3562 ¹*)Eplpl1an.
497 3492 598 3542 baeres.
620 3488 668 3556 Xl,
690 3496 731 3557 tt,
751 3496 776 3545 3,

300 3575 344 3641 **)
363 3577 401 3629 De
419 3577 503 3643 jejun.
522 3592 546 3627 e.
570 3574 611 3629 14.

300 3658 360 3727 Μ)
380 3661 447 3727 Quia
466 3663 601 3715 eeclesiam
630 3663 769 3717 llomauum
789 3668 821 3718 ad
839 3664 947 3730 siugulis
971 3665 1073 3719 sabbati
1092 3667 1182 3720 diebus
1203 3667 1371 3735 jejunandum
1390 3672 1446 3735 pel·

230 3734 350 3798 mevenit,
379 3748 427 3782 non
452 3733 516 3785 sutis
536 3741 652 3800 apparet.
689 3734 750 3800 atii,
772 3742 801 3785 nt
819 3735 980 3799 Augustinus¹
996 3737 1084 3803 (epist.
1104 3739 1162 3804 86.)
1181 3737 1271 3802 refert,
1294 3741 1361 3789 bunc
1380 3733 1445 3787 deri-

230 3811 326 3855 varunt
342 3801 420 3853 ritum
439 3817 454 3852 a
472 3801 583 3866 jejunio,
597 3802 678 3870 'quod
698 3802 790 3854 Petrus
809 3805 850 3856 die
877 3804 980 3855 subbati
1005 3820 1062 3855 curn
1085 3807 1206 3859 universo
1231 3814 1307 3858 onetn
1332 3806 1447 3873 llornano

231 3884 289 3921 oum
317 3873 342 3921 iu
369 3867 442 3922 tinem
468 3870 622 3936 suscepisse,
648 3878 678 3922 nt
695 3886 723 3922 se
751 3873 783 3924 ad
802 3880 932 3924 certamen
952 3889 1010 3924 cum
1034 3874 1137 3926 Simone
1155 3875 1231 3939 Mago
1251 3875 1293 3926 die
1318 3874 1442 3926 deminico

229 3934 325 3988 Romae
344 3939 481 3993 ineundum
499 3947 677 4006 praepararet,
706 3942 815 3993 victoria
837 3948 923 3993 auteur
952 3943 1096 4009 deportata,
1122 3945 1230 4008 singulis
1255 3945 1374 3996 sabbatis
1402 3942 1444 3992 obn
1546 3972 1547 3979 ι

229 4019 348 4054 servasse
377 4008 485 4073 dieitur3
516 4009 572 4074 alii,
600 4026 657 4063 cunr
684 4007 832 4061 Innocentio
861 4010 953 4076 pontii.
989 4009 1061 4063 Rom.
1085 4011 1208 4080 (Eppul,
1231 4013 1272 4077 4.)
1298 4013 1441 4080 perhibeat,

229 4071 294 4150 liusq
310 4072 411 4153 bittit
435 4092 491 4127 enm
517 4078 548 4128 ub
574 4094 678 4159 euersam
702 4078 782 4130 inisse
806 4079 936 4143 instituta,
966 4081 1024 4146 quia
1052 4081 1119 4132 lenia
1146 4088 1220 4134 sexta
1245 4081 1276 4132 ob
1298 4084 1441 4161 passionom

230 4137 326 4189 carrea
342 4151 505 4203 jejunaretur
521 4145 687 4212 Apostoquue
705 4147 783 4198 etiam
804 4149 852 4199 boe
871 4148 949 4200 biduo
970 4165 1067 4200 summa
1088 4149 1198 4201 luissent
1217 4149 1326 4200 tristitia
1346 4147 1440 4207 allecta.

228 4203 327 4325 qieqere
346 4207 434 4274 igitur,
455 4218 484 4260 nt
504 4212 559 4262 dies
576 4217 673 4281 pascha
691 4217 846 4288 antecedens
867 4216 893 4268 iu
917 4219 992 4269 buius
1017 4218 1056 4269 rei
1076 4219 1224 4273 mennonium
1250 4218 1358 4284 jejuniis
1376 4218 1442 4268 ecle-

220 4288 228 4301 ·
246 4289 274 4324 re
289 4291 328 4325 or.

297 4358 331 4428 ·l·)
353 4359 417 4412 Can.
438 4362 482 4417 26.

296 4447 350 4516 ἢ)
369 4444 432 4501 Cau.
455 4445 497 4504 55.
