3202 5062
318 758 376 851 De
396 752 586 844 pobliois
604 758 795 822 vetorum
816 710 1166 824 Christianorum
1192 754 1402 844 precibus

524 956 526 959 Ι
611 863 760 929 aetate
788 861 1103 961 Apostolorum
1161 934 1168 947 ,

292 1032 364 1120 d.
388 1036 419 1101 l.
451 1035 593 1098 Morem
615 1033 1165 1118 ludaeornmllenmpnblioe
1187 1034 1466 1123 adorandinon

250 1123 462 1205 abrogavit
483 1125 616 1199 lesus,
647 1118 714 1185 sed
743 1124 948 1187 emendare
977 1123 1206 1188 studuit—
1238 1122 1285 1187 Ex
1308 1116 1362 1186 lis
1356 1146 1466 1207 ‚quae

250 1211 381 1287 sectione
395 1210 540 1292 superiori
531 1210 588 1274 de
602 1210 919 1314 publielslndoeornm
938 1212 1075 1316 preulbus
1091 1212 1318 1290 observamus,
1334 1221 1466 1294 apparet,

249 1282 347 1381 qnalis
371 1298 462 1361 luerit
477 1299 609 1361 Deum
599 1320 631 1360 nn
655 1298 845 1364 conventibus
870 1301 966 1364 sannis
988 1298 1127 1363 adorandi
1151 1298 1225 1362 rollo
1249 1310 1379 1387 tempore
1401 1298 1466 1380 illo,

250 1406 308 1469 qno
325 1386 411 1450 lesus
428 1385 597 1449 Christos
589 1406 623 1447 ιιι
642 1388 722 1453 hnne
744 1395 888 1451 terrarum
913 1388 1013 1451 orbem
1037 1388 1116 1451 venit
1142 1384 1292 1451 doetrinae
1309 1406 1382 1453 suae
1397 1386 1466 1455 lure

247 1474 396 1537 hominnm
414 1474 527 1536 animos
544 1472 779 1540 robustralurns.
812 1476 947 1558 Optimus
972 1472 1025 1538 ille
1046 1473 1202 1556 religionis
1220 1476 1337 1551 doctor,
1354 1472 1415 1556 ιιιιί,
1432 1484 1466 1539 ut

247 1560 312 1642 ipse
329 1558 699 1640 tostatnrlllatth.5,17‚
721 1584 779 1624 non
796 1583 830 1626 eo
846 1573 967 1626 venerat
983 1563 1115 1640 oonsilio,
1133 1573 1166 1625 nt
1179 1563 1313 1626 instituto
1326 1524 1466 1628 lhlosaiea

242 1646 337 1741 plane
350 1651 526 1728 abrogaret,
549 1651 602 1710 sed
619 1647 717 1730 potins
732 1658 767 1712 ut
783 1670 818 1715 ea
834 1652 944 1714 rectius
966 1650 1183 1733 interpretando
1205 1650 1389 1715 confirmaret
1409 1651 1465 1713 ho-

248 1734 402 1817 minesque
428 1734 562 1817 optimam
587 1738 680 1799 Deum
705 1738 864 1801 venerandi
896 1734 1036 1803 rationem
1067 1740 1186 1801 donaret
1214 1748 1309 1843 atque
1325 1738 1468 1820 praeiret·

247 1820 349 1900 multa,
368 1843 445 1905 qnae
462 1825 499 1884 ad
517 1823 644 1886 officium
661 1846 780 1905 precum
797 1825 827 1888 in
843 1826 1013 1889 universum
1031 1827 1184 1909 pertinent,
1206 1825 1328 1908 egregie
1344 1826 1465 1903 monuit,

246 1924 343 1993 neque
361 1918 456 1973 tamen
472 1908 636 1993 peculiares
653 1924 827 1977 sectatorom
846 1930 967 1979 snornnt
986 1922 1147 1976 conventus
1170 1915 1206 1976 ad
1222 1910 1359 1995 publicas
1377 1923 1465 1994 atque

248 1996 389 2062 solennes
412 2018 517 2101 preses
539 1998 716 2062 leniendas
703 2001 856 2064 instituit
848 2022 927 2083 epse,
954 2004 1007 2064 sed
1024 2001 1149 2084 sapienti
1167 2000 1304 2077 oonsilio,
1321 2000 1442 2065 neum
1432 2020 1466 2062 ιιι

249 2086 356 2168 templo
374 2097 403 2149 et
418 2086 448 2148 in
465 2086 629 2168 synagogis
642 2088 782 2153 adorandi
797 2108 915 2167 morem,
931 2089 981 2171 qui
1000 2098 1069 2152 tuno
1080 2090 1218 2170 temporis
1234 2049 1312 2169 apoll
1324 2088 1463 2162 ludaeos,

245 2173 296 2237 rel
312 2194 351 2237 ex
367 2172 445 2254 legis
455 2172 609 2237 Mosaieae
625 2174 816 2259 praescripto,
828 2175 878 2240 ‘nel
891 2174 1135 2241 eonsuetudines
1154 2177 1315 2263 majoribus
1331 2185 1465 2265 accepta²

244 2258 278 2322 in
293 2281 352 2324 nsn
368 2271 439 2336 erat,
456 2271 576 2323 seentus
595 2271 649 2325 est.

333 2346 509 2410 Precibus
500 2348 607 2428 igitur,
640 2369 715 2431 qnae
739 2347 995 2454 Hierosolymae
985 2372 1016 2417 ιι
1041 2347 1147 2454 templo
1170 2348 1337 2455 ibidemque
1359 2354 1388 2412 et
1409 2360 1463 2431 pei

246 2430 363 2516 reliqna
377 2434 507 2498 Judaeae
522 2443 609 2518 atque
627 2434 781 2500 Galilaeae
800 2435 931 2520 oppida
921 2457 953 2500 ιιι
970 2438 1133 2520 synagogis
1148 2434 1297 2515 lebants
1287 2456 1351 2519 ipse
1368 2437 1464 2499 adfuit

246 2540 389 2603 praesens
420 2532 448 2585 et
477 2542 539 2586 nna
562 2542 628 2586 oum
652 2522 846 2607 popularibus
869 2524 948 2589 festo
972 2522 1110 2587 divinitus
1133 2524 1268 2587 instituta
1295 2524 1462 2602 celebrarit,

246 2607 380 2691 exemplo
397 2630 451 2672 sno
468 2613 599 2692 probans
624 2619 712 2695 atque
734 2614 911 2677 confirmans
933 2623 1018 2674 aotns
1034 2610 1103 2675 illos
1119 2608 1293 2692 religiosos,
1317 2612 1366 2694 qni
1382 2621 1465 2675 reeta

244 2697 369 2779 Deoqne
385 2698 476 2778 digna
491 2698 605 2762 ratione
630 2696 859 2782 peragebantur.
891 2696 987 2763 Simul
1003 2719 1073 2763 reno
1091 2699 1178 2763 etiam
1192 2698 1325 2782 graviter
1340 2699 1460 2778 monuit,

246 2786 408 2847 cavendnm
425 2804 529 2848 essea
550 2786 704 2868 precibus,
731 2808 807 2869 quae
824 2782 1049 2851 Pharisaeorum
1072 2808 1152 2850 more
1168 2786 1198 2848 in
1221 2784 1369 2850 hominnm
1387 2807 1460 2849 oon-

244 2958 286 3021 tia
303 2961 427 3041 quadam
444 2958 562 3025 fiebant

331 3039 626 3111 Animadvertendum
646 3056 743 3111 tamen
760 3054 814 3124 est,
830 3048 940 3128 lesum,
955 3046 985 3111 in
1001 3049 1031 3111 id
1048 3068 1164 3132 semper
1174 3048 1322 3127 intentum
1337 3056 1369 3110 nt
1380 3028 1474 3130 opus

244 3133 451 3216 gravissimum
476 3132 533 3199 sihi
561 3154 579 3198 a
603 3144 685 3217 patre
709 3139 877 3199 mandatnm
893 3140 930 3200 ab
948 3132 1025 3200 omni
1042 3149 1124 3219 parte
1145 3138 1311 3219 perficeret,
1335 3135 1459 3231 saepius

245 3222 368 3285 docendi
385 3222 491 3306 magis,
507 3242 594 3305 quarn
609 3224 703 3286 Deum
720 3220 838 3307 pubhoe
854 3225 998 3289 adorandi
1011 3238 1102 3289 ronse
1118 3224 1255 3307 templum
1266 3234 1352 3307 atqne
1365 3226 1458 3307 syno-

244 3331 341 3392 gogas
358 3313 535 3375 ludaeorum
552 3312 671 3379 adiisse.
705 3314 835 3416 Apparet
856 3312 930 3376 illud
956 3334 972 3376 e
993 3308 1128 3399 pluribus
1144 3311 1364 3393 evangeliorum
1383 3311 1458 3375 loois

245 3408 274 3463 et
290 3419 386 3461 eoram
403 3400 542 3481 synedrio
558 3402 761 3464 ludaeorum
752 3420 816 3483 ipse
833 3402 920 3465 lesos
937 3400 993 3465 hon
1008 3404 1134 3467 testatus
1151 3408 1207 3478 est,
1223 3402 1267 3463 lo.
1287 3392 1338 3479 ld,
1354 3402 1406 3462 20.

332 3485 437 3567 Optimi
460 3487 594 3568 magistri
618 3489 663 3550 sui
687 3489 813 3569 vestigia
834 3488 969 3570 legerunt
987 3485 1154 3570 Apostoli
1144 3508 1174 3550 ιιι
1192 3449 1305 3570 lempln
1321 3492 1456 3570 etsy'na-

243 3573 332 3656 gogis
349 3573 444 3651 Reum
461 3578 628 3639 adorantes.
658 3576 696 3637 Et
713 3597 801 3656 quom
819 3575 857 3638 iis
873 3580 1009 3640 mandata
1025 3584 1105 3640 esset
1120 3575 1288 3658 provincio,
1301 3577 1456 3656 post-lese

243 3660 275 3725 in
298 3660 397 3723 noelos
422 3661 531 3725 abitum
554 3663 639 3742 regni
664 3661 803 3727 eoelestis
829 3664 908 3727 nives
933 3664 1106 3746 colligendi,
1137 3672 1165 3727 et
1187 3674 1288 3729 noetus
1314 3663 1455 3731 ooltorom

243 3748 300 3811 Dei
308 3770 384 3831 ,ιιιι
376 3748 501 3812 lesum
518 3750 666 3813 Christum
681 3751 785 3813 salutis
800 3761 949 3814 anetorsm
965 3759 1176 3832 agnoscerent,
1192 3750 1355 3829 uendendi,
1370 3750 1456 3811 insti·

242 3845 361 3901 luerunt
375 3846 537 3901 eonventns
553 3859 670 3917 saeros,
694 3840 725 3900 in
742 3839 850 3921 quibus
866 3858 926 3901 nna
942 3860 1007 3905 oum
1030 3838 1209 3921 discipulis
1200 3847 1227 3900 et
1250 3836 1456 3913 sectatoribus,

242 3945 292 4005 ιιιιι
284 3924 480 3995 Antioohiae
501 3927 626 4007 primunt
654 3926 791 4008 appellati
815 3938 883 3997 sunt
899 3926 1056 4003 Christiani
1072 3928 1135 3991 Aet.
1152 3924 1211 4002 ll
1234 3926 1295 4005 26,
1318 3924 1455 4007 precibus

241 4010 370 4092 publisis
387 4035 506 4095 operam
523 4015 658 4092 donent,
650 4032 680 4076 ιιι
697 4015 844 4096 plerisque
864 4017 1027 4078 admorsu
1045 4014 1183 4096 precandi
1193 4014 1372 4077 ludaeorum
1388 4033 1455 4076 sese

242 4112 462 4181 componentes.
1150 4134 1154 4147 ι
1186 4138 1188 4141 -

328 4219 355 4303 §.
380 4221 411 4283 2.
456 4223 509 4284 De
531 4220 639 4285 loeis
668 4244 712 4285 ao
743 4194 988 4305 temporibus
1016 4204 1171 4306 preonm
1202 4188 1452 4304 publicarum

241 4310 342 4389 apud
371 4307 630 4371 Christianos
658 4317 791 4372 aetate
818 4310 1113 4393 Apostolorum.
1135 4344 1179 4356 -·
1205 4310 1317 4372 Eodem
1341 4310 1452 4387 ordine,

240 4416 299 4479 ιιιο
324 4398 360 4457 de
377 4396 506 4480 publicis
531 4397 646 4476 egimus
663 4398 837 4460 ludaeorum
863 4399 1019 4479 precibus,
1046 4401 1195 4479 agendum
1210 4397 1270 4480 ιἰιιιι
1288 4398 1453 4467 ridetur'du

238 4482 368 4567 publiois
385 4493 473 4566 atque
490 4482 674 4550 sollemnibus
691 4484 925 4552 Christianorum
940 4489 1095 4569 precibus,
1119 4504 1196 4570 quae
1211 4495 1307 4577 aetate
1322 4486 1454 4569 Aposto-

245 2883 349 2975 spectu
365 2890 420 2953 per
435 2872 656 2938 ostentationem
672 2887 702 2939 et
718 2877 844 2973 verbosa
861 2886 948 2958 atque
964 2883 1067 2977 ornata
1084 2874 1216 2939 oratione
1232 2892 1541 2959 sunanegam-1
