3144 5056
255 260 292 323 do
309 257 448 342 celebret.
465 261 581 324 subbati
599 260 628 325 el
644 259 703 325 diei
721 264 796 329 dnm.
813 281 861 347 op.
877 234 947 330 iett.
964 272 993 327 ct
1008 263 1196 330 recentiores.
1282 254 1346 331 tot

121 441 170 515 lie,
187 440 363 499 oenerntione
380 438 427 497 rui
444 438 581 517 celebrem,
598 438 832 511 altercationibus,
852 440 958 518 jurptte
981 448 1008 499 et
1023 445 1118 501 noctis
1132 444 1255 519 portion
1275 461 1344 503 con-

121 526 294 587 tentionibus
309 528 447 603 occupari,
465 531 507 586 ito
523 535 632 602 protrrm
649 547 682 585 uc
698 526 852 602 §nomenoium
867 537 915 603 eat,
932 546 963 585 eo
984 528 1036 598 dio,
1054 548 1126 606 quae
1140 538 1206 587 eout
1221 534 1346 590 maciem

116 618 227 687 'octium
259 613 389 690 conepieri
411 621 496 691 otqne
518 615 578 672 ideo
602 613 795 691 emancipandi
815 623 841 672 et
864 616 1079 674 manumittendi
1103 616 1147 675 die
1161 617 1234 689 [ceto
1253 618 1345 678 annoti

121 703 265 761 licentiam
289 700 409 759 bobeont
436 708 462 758 et
484 720 567 779 stipor
589 702 633 760 bie
654 702 735 760 rebem
752 708 832 759 ocimo
853 721 909 761 non
931 701 1174 780 probibeontrcr*).
1207 700 1343 767 valenti·

122 787 232 847 nicenus
259 784 359 846 senior
376 805 487 845 omnem
505 784 614 866 publici
639 794 725 866 atque
743 784 845 866 privati
862 786 950 848 debiti
977 786 1158 848 exactionem
1182 787 1343 852 interdice-

121 873 237 951 bat**),
255 872 332 952 quid
351 892 442 953 nepos
456 873 530 953 ejus,
540 872 763 935 Valentinianus
772 872 882 953 junior,
901 873 1340 958 multosortiusrepetebutm).

123 960 231 1041 Opera·
249 979 317 1021 vero
341 958 482 1035 forensia,
510 980 585 1039 quoe
611 960 775 1021 necessitns
801 970 829 1020 et
854 962 961 1023 raritas
978 962 1155 1041 postulabat,
1180 981 1240 1023 uon
1258 965 1342 1025 modo

123 1065 276 1122 concessa,
292 1048 345 1106 sed
364 1047 436 1106 redeo
454 1049 590 1108 inundata
613 1047 716 1122 luisse,
738 1047 814 1107 iuter
831 1047 906 1108 alias
933 1069 969 1109 ex
990 1048 1112 1127 tegeno
1135 1049 1268 1110 Honorio
1283 1049 1345 1112 lato

125 1144 258 1215 apparet,
272 1133 393 1214 jubente
403 1132 486 1214 W),
504 1142 536 1194 ut
553 1134 735 1209 navicularii,
759 1134 808 1214 ‹pui
827 1154 863 1195 ex
880 1135 950 1195 Asia
967 1136 1090 1196 Romam
1106 1134 1258 1215 publicum
1275 1136 1344 1198 iru-

124 1230 253 1282 urentunr
271 1219 506 1296 transvehebant,
530 1220 554 1281 si
580 1221 610 1280 iu
627 1221 824 1301 suspicionem
841 1221 955 1282 iruudis
971 1221 1141 1297 inciderent,
1158 1222 1343 1303 quaestioni·
1433 1302 1436 1311 V

127 1312 184 1390 bus
210 1307 253 1369 vel
278 1308 324 1367 die
351 1307 494 1368 dominico
518 1307 765 1383 cxttminarentur,
781 1307 858 1388 ‚quia
876 1308 1058 1370 conservatio
1074 1308 1212 1369 frumenti
1230 1309 1343 1390 publici

121 1395 237 1457 Rornae
253 1393 395 1456 maximae
413 1403 474 1455 erat
493 1392 593 1457 saluti.
623 1395 873 1472 Queuutdmodutn
891 1417 959 1458 vero
977 1414 1077 1456 ornnes
1092 1394 1225 1456 actiones
1239 1395 1343 1457 iamn-

120 1502 171 1544 ses
187 1481 358 1542 interdictae
377 1488 468 1556 erunt,
485 1481 528 1543 sic
545 1481 630 1543 etiarn
647 1482 764 1542 iabores
788 1489 816 1543 et
840 1504 928 1562 opera
947 1502 1084 1543 munuum
1102 1480 1177 1543 nulii
1193 1484 1342 1545 concedo·

123 1572 239 1644 bantur,
257 1567 296 1629 iis
314 1576 420 1645 tamen,
445 1588 520 1649 quere
543 1570 652 1630 raritas
675 1572 819 1630 suadebat
840 1577 869 1630 et
892 1568 1057 1631 necessitas
1081 1569 1211 1650 jubebat,
1234 1589 1341 1633 numus

122 1656 264 1741 exceptis.
300 1655 352 1716 Sic
365 1656 489 1716 mctxirue
505 1665 607 1717 notatu
634 1655 754 1735 dignum
782 1666 836 1732 est,
860 1660 937 1737 quod
962 1656 1174 1717 Constantinus
1198 1655 1242 1717 M.
1263 1655 1339 1736 ipsu,

121 1743 254 1827 quamvis
275 1762 363 1823 opera
381 1741 511 1803 forensia
525 1743 675 1819 vetuisset,
693 1742 834 1823 agricolis
846 1754 942 1825 tamen
954 1742 1177 1820 eoncedebetls)
1193 1741 1341 1806 frumenta
1364 1774 1369 1789 =

123 1828 215 1893 sulcis
239 1838 291 1890 uut
312 1828 416 1890 vinens
440 1826 595 1890 scrobibus
619 1832 756 1891 mandare
780 1830 828 1892 die
854 1830 1008 1907 dominico,
1027 1833 1143 1910 quaudo
1166 1829 1197 1890 id
1214 1830 1273 1890 aiio
1290 1830 1339 1892 die

121 1917 218 1998 aptius
235 1916 297 1976 heri
316 1924 375 1976 noir
392 1925 501 1995 posset,
520 1917 655 1997 quonium
679 1916 817 1997 aequitati
844 1938 900 1978 non
927 1919 1113 1997 respoudeat,
1138 1924 1338 1997 tempestatem

119 2004 166 2066 his
186 2002 314 2083 negotiis
332 2002 466 2064 idoneam
490 2023 508 2063 a
530 2003 710 2083 providentia
728 2005 823 2064 dulrtm
846 2004 952 2091 pprire.
983 2003 1109 2065 Silentia
1128 2012 1224 2065 tamen
1248 2023 1339 2083 prae-
1441 2068 1445 2075 ,

119 2092 206 2153 tenire
225 2110 282 2151 non
301 2108 431 2170 possum,
449 2091 525 2150 hanc
546 2090 691 2152 licentiam
712 2089 853 2168 agricolis
879 2110 1051 2153 concessam
1076 2110 1129 2170 per
1151 2090 1227 2152 alias
1250 2089 1336 2170 leges

118 2178 204 2241 valde
221 2177 404 2255 imminutam
420 2197 485 2238 esse
496 2178 554 2256 Η)
572 2186 599 2238 et
617 2199 668 2258 per
686 2179 844 2258 scriptores
853 2177 932 2256 †††)
957 2187 985 2239 et
1008 2196 1136 2239 canones
1154 2175 1339 2239 eeclesiasti-

10 2266 12 2335 ζ
122 2263 286 2343 cos††††)
304 2284 420 2345 semper
437 2274 646 2344 oppugnatam.
677 2266 825 2343 (potantum
849 2264 977 2326 studium
995 2264 1075 2326 eirca
1091 2282 1180 2344 opera
1196 2263 1337 2342 caritatis,

118 2363 152 2413 ut
167 2352 215 2412 die
233 2350 376 2412 dominico
402 2361 596 2431 praestentur,
622 2352 781 2413 adhibitum
807 2352 903 2428 iuerit,
931 2354 1016 2413 docet
1040 2352 1087 2414 lex
1104 2353 1141 2412 ab
1158 2351 1334 2432 imperatore

9 2472 10 2485 2
118 2438 253 2501 Honorio
278 2437 537 2519 prornulgatrt†'),
566 2437 623 2520 qua
647 2441 738 2521 jubet,
763 2449 794 2500 ut
813 2439 930 2519 judices
956 2459 1022 2501 reos
1046 2439 1077 2498 in
1104 2439 1272 2501 carceribus
1289 2438 1337 2501 vi-

120 2529 217 2603 deant,
236 2527 360 2587 ednraut
377 2535 405 2587 et
420 2525 610 2605 interrogent,
627 2546 695 2587 nrum
715 2528 851 2587 custodes
871 2546 1019 2588 carcerum
1038 2529 1183 2607 rpreodrlatn
1199 2525 1338 2587 humaui-

118 2614 185 2675 tutis
203 2611 341 2687 officium,
365 2611 487 2693 legibus
504 2632 608 2693 merope
633 2634 814 2689 concessum,
840 2612 876 2673 iis
903 2617 1108 2693 denegassent.
1142 2612 1281 2693 Captivos
1299 2610 1337 2673 ad

118 2701 253 2762 balneum
278 2692 382 2759 diebus
406 2699 558 2760 dominicis
583 2704 639 2762 sub
661 2701 743 2762 iirrnn
767 2703 900 2763 custodia
924 2703 961 2762 ad
986 2698 1149 2762 abluendas
1175 2702 1279 2761 sordes
1303 2699 1336 2760 itt

118 2808 237 2849 carcerc
262 2786 320 2846 sibi
348 2797 514 2848 contractas
532 2789 636 2848 drrduri
658 2789 750 2869 jubet.
783 2789 821 2849 Et
838 2787 863 2847 si
884 2788 932 2870 qui
948 2787 1064 2868 judiees
1081 2795 1132 2847 aut
1148 2806 1248 2849 eorum
1267 2784 1336 2847 ott-

9 2934 10 2941 ,
120 2874 211 2937 ciules
230 2874 322 2935 hasce
338 2875 459 2954 regulas
475 2878 538 2934 'non
566 2879 770 2951 obser-vocent,
796 2891 873 2937 certa
901 2875 1045 2955 pecuniae
1069 2894 1185 2936 summa
1209 2872 1336 2935 mulcet-
1379 2894 1381 2897 ·

118 2966 232 3027 bantur.
274 2960 348 3021 Loci
372 2960 458 3022 simul
484 2963 640 3042 episcopus
662 2964 790 3043 jubetur,
821 2972 852 3024 ut
873 2963 990 3044 judiees
1016 2969 1141 3038 moneat,
1166 2981 1203 3022 no
1227 2962 1282 3023 htto
1304 2960 1335 3022 in

9 3052 10 3071 ¹
120 3047 375 3131 parteaegligant
393 3048 530 3110 cilicium.
562 3050 748 3131 Spectacula,
774 3049 858 3111 ludos
887 3060 937 3111 out
961 3050 1036 3112 alias
1061 3048 1271 3112 oblectationes
1288 3048 1336 3110 die

9 3140 11 3209 ξ
118 3137 264 3198 dominico
290 3135 441 3197 instituere
469 3147 497 3196 et
527 3136 715 3217 hcqrrentaro
738 3139 794 3197 sub
820 3157 915 3218 poena
941 3136 1247 3198 excommunicationis
1273 3144 1343 3202 erat⁸

118 3223 312 3285 interdictum.
344 3222 423 3299 Quin
441 3222 465 3283 si
485 3222 547 3285 dies
564 3223 748 3305 imperatoris
775 3223 924 3286 natalitius
951 3224 979 3284 iu
998 3226 1073 3286 diem
1091 3223 1268 3285 dominicum
1285 3223 1335 3283 in·
1391 3254 1398 3264 ,

117 3312 235 3385 rideret,
253 3307 410 3371 celebratio
429 3310 493 3391 ejus
504 3310 539 3375 ,in
555 3311 643 3373 alium
661 3312 735 3372 diem
753 3311 913 3391 profestum
929 3310 1127 3387 utffeeeomm,
1144 3310 1287 3372 sicuthttc
1298 3311 1334 3371 de

118 3419 149 3459 re
176 3401 252 3459 done
280 3397 364 3476 leges
393 3396 554 3458 Theodosii
583 3398 710 3459 senioris
740 3407 768 3459 et
795 3400 909 3483 nepotis
936 3400 1002 3481 ejas
1022 3396 1150 3482 junioris
1178 3398 1210 3459 iu
1233 3397 1335 3461 codice
1370 3394 1382 3407 ”

9 3530 10 3539 .
116 3483 328 3547 Theodosiana
346 3484 528 3564 extoot†*‘).

111 3647 362 3667 u——no—-u-fl

183 3760 296 3861 :pilum
318 3758 416 3842 Theoti.
437 3758 483 3809 lib.
503 3757 536 3841 ll.
556 3759 597 3809 tit.
617 3761 643 3814 8.
664 3756 784 3840 deicolis
802 3759 852 3822 teg.
871 3761 896 3809 1.

183 3826 474 3967 **i)¹iiid.llh'g.vii1‘
495 3834 535 3881 tri.
554 3832 582 3884 8.
601 3829 633 3879 de
651 3827 843 3880 eneoommbue.

157 3978 168 3996 ⁸
183 3967 265 4026 ****)
286 3966 351 4019 ibid.
370 3966 417 4017 lib.
436 3963 509 4047 illll.
529 3966 570 4017 tit.
586 3965 611 4019 5
632 3965 664 4017 de
682 3965 850 4047 navicuiuriis
869 3966 921 4033 leg.
940 3966 983 4019 38.

133 4177 139 4191 ‚
181 4032 612 4174 ii)“iiidihi‘u'itgl'iiiii
622 4034 1021 4172 ipe-iiiiii}pitanen
1043 4102 1092 4154 nra
1108 4101 1136 4154 a
1153 4102 1202 4154 erro
1220 4102 1263 4155 ure
1278 4100 1336 4154 rere-

116 4183 260 4311 mnist)
280 4242 455 4307 lnenneus
475 4238 502 4292 4.
521 4245 564 4293 10.

182 4311 284 4381 ††††)
303 4310 382 4363 Couc.
402 4311 492 4363 Aurei.
508 4309 554 4361 111.
574 4324 632 4361 cun.
651 4313 712 4373 223
729 4309 902 4363 Antimiedor.
923 4322 982 4360 nau,
1006 4309 1047 4362 ts,

166 4379 233 4448 .†*)
255 4381 319 4434 cod.
338 4380 437 4433 Theod.
453 4381 500 4432 lib.
520 4378 567 4432 tx.
587 4379 628 4431 rit.
649 4383 675 4433 3.
695 4380 727 4431 tie
745 4380 865 4432 custodio
882 4392 985 4430 morum
1003 4378 1100 4443 les-⁵7.

184 4449 256 4518 †**)
277 4448 340 4503 Cod.
361 4448 461 4503 Theoti.
482 4449 529 4502 lib.
550 4445 609 4503 XV.
629 4448 663 4502 de
680 4446 898 4516 spectaremur.
918 4448 944 4503 5.
962 4449 1015 4513 ies.
1032 4452 1050 4501 2
1068 4454 1095 4500 et
1111 4448 1137 4504 b.
