3150 5066
809 641 864 726 11.

192 898 200 911 “
303 901 428 984 Dan.
451 898 616 987 fleur.
648 896 899 1001 Arnoldt,
934 895 989 981 de
1020 892 1266 1002 antiquitate
1290 892 1376 981 diei
1422 938 1435 946 ..

361 1031 557 1119 dominici
582 1059 636 1117 ex
664 1029 802 1118 [Cor.
825 1033 894 1133 16,
916 1027 967 1133 23
995 1031 1089 1116 Act.
1108 1030 1182 1135 29,-
1196 1025 1241 1134 7,
1267 1043 1310 1115 ιι

659 1166 793 1278 Apoc.
814 1161 941 1270 1,10.
964 1165 1015 1280 *).

320 1367 511 1430 Helioiatriae
526 1366 593 1429 otim
610 1369 826 1429 accusabantur
842 1365 904 1443 itti,
923 1366 972 1446 qni
989 1363 1105 1429 Christo
1120 1384 1226 1427 nomen
1243 1366 1394 1442 dederant,
1411 1368 1447 1427 ob

233 1454 272 1531 id,
290 1457 368 1534 quod
386 1454 478 1534 prima
502 1454 634 1533 cujusvis
658 1453 848 1513 hebdomadis
866 1452 923 1529 die,
940 1472 1026 1532 quem
1043 1452 1117 1512 sotis
1134 1452 1209 1512 diem
1227 1436 1447 1532 Graeciaeque

232 1560 268 1601 ac
286 1540 412 1601 Romani
435 1542 596 1614 vocabant,
622 1539 777 1601 ιοιιιιιιίιι
802 1549 830 1599 ιι
853 1550 920 1600 auto
945 1537 1019 1600 sotis
1045 1547 1138 1600 ortum
1163 1557 1266 1619 preces
1294 1536 1448 1601 sollennes

90 1642 96 1657 ·
150 1678 155 1689 ,
232 1626 344 1706 hasque
359 1624 436 1686 iricio
453 1628 488 1686 ad
506 1625 644 1686 orientem
667 1624 759 1687 sotem
776 1644 862 1688 versa
885 1625 1010 1687 sundere
1032 1625 1184 1700 sotebant;
1205 1618 1448 1729 quemadmodum

233 1723 262 1773 et
277 1732 363 1773 sacra
377 1709 495 1771 iliorum
511 1712 584 1772 solis
601 1732 636 1772 ac
651 1711 771 1772 luminis
785 1714 908 1774 vocibus
923 1714 1130 1814 personabant.
1159 1711 1430 1813 Compeiiabant
1396 1733 1449 1772 ιιι-

232 1798 338 1873 mirum
355 1817 524 1878 perronem
548 1799 624 1860 hane
641 1798 800 1861 Christiani
817 1799 1021 1875 Senatorum,
1046 1798 1097 1879 qui
1120 1817 1155 1859 sc
1170 1798 1269 1877 ipsum
1287 1797 1406 1859 solem
1394 1819 1448 1880 Ju-

132 1926 137 1933 -
233 1885 330 1948 stitiae
343 1882 421 1947 Mat.
436 1882 467 1958 4,
484 1889 514 1945 lt.
532 1895 561 1947 et
576 1885 673 1947 tumea
690 1886 789 1946 mundi
805 1886 870 1948 toa.
886 1887 917 1964 7,
936 1890 994 1961 123
1009 1884 1041 1964 9,
1059 1889 1088 1949 5.
1113 1885 1235 1948 vocarit.
1267 1885 1355 1957 Hunc
1372 1906 1458 1966 sap-i

233 1970 327 2054 plicas
345 1971 484 2052 precibus
500 1973 629 2050 adibant,
646 1972 735 2034 huius
752 1973 855 2035 landes
872 1975 1075 2048 decantabant,
1092 1971 1226 2052 inprimis
1241 1992 1311 2033 rero
1329 1972 1447 2033 antelu-

234 2060 317 2121 canis
334 2059 525 2121 conventibus
542 2059 650 2122 Christi
670 2080 686 2120 e
704 2059 825 2121 momnis
843 2060 974 2122 suscitati
993 2058 1158 2120 memoriam
1176 2057 1380 2135 celebrabant,
1396 2059 1448 2139 qui

234 2146 383 2208 matutinis
399 2146 482 2207 horis
499 2168 515 2207 c
532 2146 668 2227 sepulcro
685 2146 811 2207 redierat
825 2147 921 2209 Μιιι
939 2144 990 2221 16,
1007 2147 1037 2206 9.
1064 2145 1186 2207 Proiani
1202 2154 1297 2207 autera
1313 2143 1448 2208 homines

232 2234 335 2293 harum
351 2252 447 2292 rorum
464 2233 590 2293 omniurn
607 2232 702 2310 ignari
721 2241 803 2292 erant
829 2242 857 2292 et
870 2232 950 2293 iude
954 2231 1049 2307 tiebat,
1062 2241 1098 2292 ιιι
1114 2229 1174 2294 ἰΙΙὶι
1191 2231 1301 2294 Christi
1318 2229 1448 2294 cultores

231 2317 324 2379 sotem
341 2319 464 2379 adorare
479 2317 646 2378 riderentur
662 2319 715 2403 ”p
748 2319 785 2378 tt
810 2316 946 2396 primitiis
971 2317 1115 2380 ecclesiae
1124 2339 1230 2400 ,quae
1247 2318 1365 2380 Christo
1383 2319 1448 2379 coi-

231 2403 308 2466 lecta
326 2410 378 2478 cst,
395 2403 533 2465 memoria
555 2388 739 2484 resurgentis
757 2403 868 2466 Christi
894 2409 966 2467 adeo
983 2416 1086 2468 sanem
1101 2415 1180 2482 erat,
1197 2415 1230 2466 ut
1245 2426 1281 2466 ne
1298 2408 1448 2468 obtrecta-

232 2491 361 2554 tionibus
378 2491 494 2573 quidem
510 2491 743 2561 adversariorum
760 2491 890 2556 asacris
907 2493 1094 2575 peragendis,
1110 2513 1185 2574 qnae
1204 2491 1358 2554 memoriae
1374 2493 1449 2554 Jesn

231 2579 309 2642 ritae
333 2579 436 2641 redditi
458 2579 554 2641 dicata
579 2592 677 2657 erant,
701 2599 734 2641 se
758 2580 879 2643 detineri
904 2590 1080 2662 paterentur.
1119 2579 1327 2642 huniversaria
1348 2579 1448 2659 potius

233 2667 430 2727 celebratione
445 2666 525 2727 iilius
542 2668 698 2729 memoriae
714 2665 793 2728 haud
812 2669 955 2746 conteuti,
981 2669 1074 2749 primo
1102 2667 1232 2747 cujusvis
1256 2666 1448 2728 hebdomadis

232 2752 279 2811 die
295 2771 360 2811 eum
378 2750 408 2810 iu
424 2750 511 2810 finera
528 2755 756 2825 conveniebant,
782 2763 841 2814 tuni
859 2765 890 2815 ut
912 2755 1016 2816 debitis
1041 2754 1179 2816 laudibus
1199 2763 1451 2832 prosequerentur

232 2836 308 2898 ritae
324 2845 441 2896 nostrae
465 2845 630 2913 auctorem,
655 2837 703 2917 qni
726 2836 778 2896 iiia
802 2839 848 2897 die
871 2839 954 2913 virus
977 2840 1144 2917 sepulcrum
1170 2858 1254 2900 sunm
1278 2838 1464 2917 reliquerat*

231 2921 336 2985 Matth.
344 2918 397 2999 28,
418 2925 445 2981 1.
464 2919 560 2981 Marc.
571 2919 621 2997 16,
638 2924 707 2982 2.9.
726 2920 862 2996 Lna24,
882 2927 909 2983 1.
925 2922 1050 2997 torm,
1063 2928 1096 2997 1,
1114 2931 1173 2982 turn
1190 2932 1222 2981 ut
1238 2923 1449 2987 beneficiorum

231 3006 390 3089 participes
407 3005 525 3081 fierent,
550 3026 625 3087 quae
644 3005 780 3069 Christus
805 3006 900 3069 reditu
926 3028 980 3069 suo
995 3009 1033 3068 ad
1051 3007 1135 3068 vitam
1151 3006 1236 3067 nobis
1254 3004 1373 3082 adtulit3
1397 3013 1452 3071 cui

231 3114 321 3173 scopo
340 3093 415 3172 piam
431 3091 546 3153 iliorum
570 3091 783 3154 meditationem
808 3094 937 3175 apprime
960 3093 1103 3156 inservire
1119 3091 1335 3174 persuasissimi
1352 3098 1450 3160 aiant.
1470 3150 1473 3155 .

230 3181 353 3242 Factum
371 3199 486 3260 quoque
502 3179 570 3241 inde
595 3191 656 3256 est,
684 3188 716 3240 ut
732 3180 809 3242 hunc
831 3202 926 3264 usque
943 3181 973 3243 iu
990 3182 1064 3243 diem
1089 3202 1151 3242 mos
1167 3182 1198 3242 in
1215 3178 1342 3244 ecclesia
1358 3179 1450 3242 Chri·

231 3267 326 3330 stiana
348 3266 447 3370 rigeat
469 3266 543 3328 diem
568 3266 757 3329 hebdomadis
786 3267 910 3349 primum
944 3291 1061 3331 sacrum
1092 3289 1181 3350 agere
1210 3276 1239 3331 ιι
1260 3267 1448 3349 potissimum

231 3340 383 3436 pascha
366 3343 577 3431 cameracenae
599 3352 651 3417 ilio
678 3355 845 3433 celebrare3
870 3360 1111 3436 quemadmodum
1129 3367 1157 3419 ot
1172 3376 1236 3419 earn
1261 3358 1298 3418 ob
1326 3376 1447 3419 causam

230 3441 282 3504 itte
299 3449 356 3503 tam
373 3463 478 3502 nornen
496 3441 554 3503 diei
570 3440 738 3502 domininici
756 3442 878 3504 obtinuit
895 3440 966 3523 ***),
970 3465 1073 3547 quam
1087 3433 1295 3520 ἇναστάσιμις
1312 3443 1381 3505 olim
1399 3444 1448 3504 di·

208 3540 297 3612 xctas
313 3537 367 3589 cst.
397 3528 476 3590 Nihil
494 3527 570 3590 enim
588 3530 624 3591 ad
641 3518 725 3604 fidei,
753 3529 843 3609 spei
835 3549 870 3590 ac
887 3531 995 3593 amoris
1009 3531 1093 3593 initia
1110 3551 1203 3611 aeque
1219 3550 1254 3591 ac
1269 3530 1448 3593 incrementa

190 3636 195 3644 ·
231 3618 427 3700 promovenda
452 3615 550 3679 debita
574 3615 741 3678 resuscitati
757 3615 866 3677 Christi
891 3618 1093 3681 recordatione
1119 3617 1215 3697 aptius
1237 3638 1318 3694 esse,
1347 3636 1447 3679 ornnes

212 3768 215 3777 ,
233 3705 416 3787 sequentium
433 3713 592 3787 temporum
609 3702 790 3784 experientia
805 3704 899 3784 magis
916 3705 1048 3785 magisve
1065 3705 1177 3779 docuit,

319 3792 454 3870 Quonam
471 3800 568 3852 autern
584 3801 712 3871 ternpore
729 3787 858 3852 ecclesia
875 3791 984 3854 Christi
1001 3792 1076 3854 diem
1093 3790 1167 3853 solis
1185 3788 1340 3853 memoriae
1358 3788 1448 3852 Chri·

233 3880 269 3939 sti
286 3880 361 3944 ritae
378 3879 504 3942 restituti
521 3899 636 3941 sacrum
654 3898 720 3939 esse
735 3875 863 3938 voluerit
876 3888 904 3941 et
920 3882 1035 3960 quando
1053 3879 1135 3941 iilum
1152 3879 1258 3940 festum
1275 3879 1383 3939 babere
1399 3877 1448 3938 in-

232 3967 357 4044 ceperit,
375 3969 410 4028 de
428 3987 462 4028 eo
480 3965 550 4029 certi
568 3964 676 4046 aliquid
694 3964 788 4026 asseri
804 3965 914 4046 nequit.
945 3967 978 4028 Si
996 3969 1031 4028 de
1048 3965 1219 4028 anctoritate
1240 3963 1320 4026 iiiins
1337 3963 1448 4044 episto-

231 4049 296 4134 lae,
312 4072 388 4131 quae
403 4053 575 4130 barnabae,
600 4051 652 4115 riri
670 4051 838 4132 apostotici,
862 4073 968 4114 nomen
985 4050 1063 4130 iert,
1084 4053 1156 4115 satis
1181 4050 1268 4113 nobis
1293 4060 1448 4127 constaret,

299 4200 325 4257 *ι
346 4201 455 4266 Prodiit,
477 4205 597 4257 ιιιιιιιι.
619 4203 734 4269 Region.
752 4220 842 4272 progr.
864 4206 996 4272 paschale,
1018 4206 1133 4271 Region.
1153 4205 1228 4260 1754.
1249 4203 1277 4256 d.

299 4267 345 4333 **)
365 4267 454 4320 Refert
472 4273 536 4325 haec
555 4275 592 4324 ita
611 4271 885 4331 Tertullianus
878 4290 904 4324 ιιι
924 4277 1015 4342 apoto
1016 4282 1052 4325 et
1078 4277 1118 4326 16.
1142 4274 1197 4326 Cir.
1217 4269 1449 4354 pluribusiiort·
1499 4279 1503 4293 ¹

160 4361 163 4367 ·
230 4338 324 4391 bolti
342 4338 462 4400 Pogonus
481 4340 674 4392 obtrectatori
693 4348 720 4406 ι,
740 4357 764 4393 ι.
783 4346 810 4397 3
833 4343 900 4410 quod
918 4350 999 4395 totum
1019 4344 1067 4394 trac
1085 4343 1116 4394 da
1135 4359 1166 4394 re
1187 4341 1261 4424 agit.

302 4405 361 4470 m)
381 4405 436 4457 liae
454 4406 486 4457 dc
504 4422 532 4458 re
552 4408 679 4462 Sniccr
712 4412 772 4463 sin
791 4413 859 4463 theo.
880 4412 972 4464 scoies.
993 4411 1040 4463 sub
1058 4427 1131 4463 voco
1150 4404 1271 4492 moenai]
1286 4416 1313 4461 et
1330 4401 1452 4460 ἀναστά-

152 4554 156 4561 .
232 4492 314 4548 σιμις
331 4410 383 4542 le)gi
402 4480 525 4541 moretur,
544 4477 588 4545 qui
606 4478 665 4530 loce
682 4496 698 4548 p
717 4486 751 4532 tr.
770 4482 865 4534 eccles.
882 4481 910 4533 id
929 4482 1066 4550 probantia
1083 4481 1194 4534 collecta
1212 4479 1327 4533 exbibet.
