3150 5066
525 253 562 313 de
583 252 659 317 teste
678 249 938 332 hechiapnstoli.
1298 253 1343 326 40

121 426 205 493 tend
220 423 371 499 ultiumm,
396 424 537 495 menroria
560 425 646 491 Pauli
672 421 773 489 rtn'mo
796 423 846 487 die
864 390 942 504 jonii
964 432 1111 503 ageretur.
1142 424 1238 491 vm-
1254 427 1343 493 Pauli

122 514 234 577 referre
250 532 324 591 opus
343 530 401 579 nou
418 509 551 602 videtur,
569 532 634 574 cum
651 521 709 573 tota
724 511 776 571 illa
797 510 832 573 in
857 521 913 573 act.
929 511 1005 591 App.
1019 523 1048 571 et
1062 511 1093 575 in
1110 512 1245 592 epistolis
1261 515 1343 578 Pun-

121 601 192 665 linis
210 598 424 678 coruprehensa
441 598 488 659 sit.
521 592 619 660 Unum
635 599 689 658 hoc
706 596 838 659 historici
857 608 940 660 extra
957 617 1061 659 sacras
1079 597 1179 661 literas
1197 602 1233 662 de
1247 602 1343 667 Panlo

121 688 271 762 referunt,
288 686 366 765 quod
384 696 496 763 magna
510 683 552 745 illi
576 683 762 749 familiaritas
788 703 854 747 curn
871 683 987 746 Seneca
1010 699 1200 766 praeceptore
1215 689 1343 753 Neronis

122 773 336 846 intercesserit,
354 774 446 847 adeo,
463 782 495 833 ut
510 771 632 835 Flavius
649 773 763 833 Lucius
778 772 809 833 in
834 771 972 833 chrunicc
995 792 1054 831 non
1070 773 1112 835 ita
1128 773 1240 853 pridem
1256 776 1344 856 Lug·

124 861 197 922 duni
213 859 288 943 edito
305 857 439 932 affirmet,
456 856 601 942 Senecam
617 880 675 919 non
693 858 850 935 ethnicum,
866 862 917 920 sed
935 880 972 921 cx
988 858 1121 938 epistolis
1137 858 1226 921 Pauli
1242 863 1344 927 occul·

124 958 186 1011 tum
202 945 404 1009 Christianum
419 945 539 1007 lactrrm.
572 947 680 1008 Extant
696 945 813 1026 quidem
830 944 918 1007 hodie
935 944 1077 1025 epistolae
1088 945 1174 1007 Pnoli
1193 951 1229 1009 ad
1247 949 1344 1012 Sene-

126 1056 191 1097 cam
210 1044 237 1094 et
254 1033 386 1094 Senecae
402 1030 531 1095 vicissim
547 1035 585 1094 ud
601 1032 737 1096 Paulum.
771 1033 832 1095 Sed
854 1030 911 1094 hae
929 1032 1057 1094 omnium
1075 1034 1255 1097 eruditorem
1271 1056 1346 1099 con·

37 1112 50 1123 ⁸
105 1148 107 1155 ·
127 1141 221 1185 sensu
237 1117 439 1198 supposititiae
455 1128 533 1179 sunt.
618 1124 624 1133 '

215 1206 376 1266 Festum
399 1205 622 1267 divisionis
649 1204 941 1286 Apostolorum.
974 1204 1079 1266 lneidit
1104 1205 1166 1269 dies
1188 1207 1346 1273 lictatur

127 1293 159 1357 in
177 1291 349 1355 vicesimum
365 1292 494 1372 quintum
509 1293 585 1374 junii
604 1295 762 1372 eademqne
779 1289 967 1371 evangelium
986 1301 1141 1368 tractatur,
1160 1313 1219 1373 nuo
1236 1293 1345 1358 Salva·

126 1391 170 1441 tor
192 1375 433 1461 Apostolos.per
455 1379 624 1442 uui-versum
650 1382 789 1443 mundum
818 1378 880 1453 ire,
902 1380 1007 1441 docere
1032 1386 1060 1440 et
1082 1378 1232 1458 baptizare
1251 1381 1346 1462 juhet.
1389 1432 1392 1439 .

125 1464 309 1545 Queunteru
325 1467 409 1525 modo
426 1466 557 1546 Apostoli
577 1468 677 1527 orhem
695 1467 769 1527 inter
786 1486 819 1526 se
836 1464 996 1540 diviserint,
1013 1464 1061 1526 vix
1080 1474 1203 1529 constat.
1234 1469 1346 1531 arom

126 1563 170 1635 est
186 1553 336 1629 Socrates,
353 1552 511 1632 Apostolos
528 1575 580 1634 per
596 1563 705 1614 sortem
720 1553 858 1632 regiones
880 1550 981 1627 mnndi
998 1551 1073 1613 inter
1090 1571 1123 1615 se
1138 1552 1179 1613 ita
1196 1553 1344 1631 divisisse,

124 1650 158 1717 nt
182 1640 212 1701 in
238 1638 380 1700 orientem
399 1639 531 1703 Thomas
556 1651 585 1702 et
605 1640 863 1712 Bardrolomaeus,
885 1659 992 1700 versus
1012 1638 1163 1701 meridiem
1188 1639 1291 1703 Sinon
1317 1651 1345 1704 et

12 1776 16 1787 .
125 1727 305 1802 Merttlraeus,
323 1746 426 1789 versus
444 1726 670 1806 septentrionem
687 1724 843 1805 Philippus
865 1736 894 1787 et
909 1727 1001 1787 ludas
1017 1726 1215 1804 Thaidem,
1240 1747 1344 1793 versus

126 1812 305 1874 occidentem
329 1813 435 1875 Petrus
458 1825 487 1875 et
507 1814 635 1876 Jacohus
661 1813 703 1873 ire
723 1811 801 1894 jussi
827 1812 902 1887 sint;
933 1811 1046 1873 medias
1077 1822 1173 1874 autem
1198 1815 1345 1895 regiones,

125 1899 297 1980 praesertim
321 1898 556 1980 Hierosolymam
590 1908 618 1959 et
642 1898 841 1963 Palaestinam
865 1897 1006 1960 Matthias
1030 1909 1058 1960 et
1080 1901 1208 1961 trochus
1240 1901 1345 1980 mirre

126 1987 278 2057 Oceanum
294 2007 359 2046 cum
377 1986 483 2047 insulis
500 1986 701 2068 adjacentibus
718 1986 866 2049 lohannes
889 1996 916 2046 ct
933 1986 1066 2047 Andreas
1083 1986 1268 2067 acceperint,
1292 1992 1345 2055 sed

126 2072 223 2135 Panlo
240 2072 398 2147 universus
421 2076 547 2135 mundus
572 2073 661 2135 fuerit
675 2071 809 2135 relictus.
841 2072 874 2133 ln
899 2071 998 2152 specie
1023 2082 1120 2135 antem
1138 2073 1171 2137 S.
1187 2073 1345 2139 Bartholo-

124 2180 230 2223 maeus
247 2158 399 2238 apostolus
416 2159 535 2234 Indiae,
550 2160 682 2223 Thomas
700 2182 747 2240 ap.
765 2160 955 2236 Parthorum,
971 2158 1139 2222 Matthaeus
1156 2180 1207 2240 ep.
1222 2160 1345 2224 Aethio-

125 2270 204 2329 pum,
221 2247 355 2308 Andreas
372 2267 420 2326 ap.
438 2246 629 2328 Scydrarum,
654 2247 801 2313 lohannes
818 2266 865 2327 ap.
882 2246 991 2322 Asiae,
1009 2246 1113 2307 Petrus
1129 2267 1178 2325 ap.
1194 2247 1345 2312 Romana.

124 2333 262 2395 rnmhae
277 2332 355 2402 oriris
372 2333 516 2395 divisione
528 2334 622 2396 iactus
635 2333 756 2395 traditur
763 2359 772 2408 3
785 2334 1027 2414 quemadmodum
1037 2335 1113 2395 haec
1127 2332 1226 2395 omnia
1242 2343 1345 2398 osten·

128 2420 171 2481 dit
187 2419 336 2499 Hosnejirs
349 2419 416 2481 hist.
435 2419 507 2483 ecel.
527 2421 555 2495 l,
574 2423 603 2481 7.
635 2420 735 2487 Nostri
751 2420 826 2483 diem
843 2421 924 2480 hunc
940 2418 1049 2487 festum
1065 2422 1254 2499 abrogarunt,
1270 2423 1345 2485 forte

124 2507 208 2581 ideo,
222 2506 298 2585 qnod
316 2509 350 2569 do
369 2505 512 2568 divisione
529 2504 581 2567 illa
599 2528 703 2587 parum
718 2506 790 2568 certi
807 2514 939 2579 constet,
955 2505 1065 2569 fatente
1081 2507 1147 2585 ipso
1164 2507 1291 2569 Bacenis
1307 2511 1346 2573 ud

125 2615 154 2657 a.
174 2591 245 2653 Chr.
261 2589 314 2652 tt.
347 2592 477 2671 Dignum
495 2606 589 2654 tamen
608 2604 678 2669 erat,
692 2604 724 2654 nt
739 2593 786 2655 die
802 2591 859 2655 isto
876 2590 987 2671 gratias
1004 2592 1068 2653 Deo
1087 2608 1253 2672 ageremus,
1266 2597 1345 2675 qood

125 2701 180 2761 per
194 2678 353 2758 Apostolos
370 2688 424 2741 nos
441 2678 511 2743 olim
528 2689 633 2758 gentes
649 2682 704 2742 suh
723 2679 864 2741 unitatem
880 2677 949 2741 fidei
965 2680 1201 2757 congregaverit.

212 2766 374 2827 Festum
394 2766 542 2828 ,Jaeolri
565 2763 757 2845 apostoli.
794 2765 873 2826 luter
895 2762 1052 2845 Apostolos
1077 2768 1135 2827 duo
1158 2766 1346 2833 inenuntiu-

130 2851 205 2928 eohi,
224 2852 299 2915 alter
314 2859 417 2932 ‘micon
432 2855 509 2930 tiliam
524 2857 664 2932 Alphnci,
691 2853 779 2934 enjus
792 2853 900 2914 festum
917 2850 948 2912 in
965 2851 1026 2913 kal.
1043 2852 1113 2933 maii
1128 2852 1247 2929 incidit,
1272 2852 1347 2915 alter

124 2941 249 3003 uocatas
264 2941 365 3018 maior,
381 2941 459 3014 rititrs
477 2943 625 3016 Zebedaei,
655 2939 703 3001 cui
718 2960 804 3001 sarm
821 2948 866 3001 est
882 2939 945 3001 dics
960 2937 1118 3001 vicesimus
1135 2940 1255 3019 quintus
1268 2938 1347 3021 julii.

97 3095 100 3101 ,
125 3027 173 3089 De
190 3027 300 3089 laccho
319 3027 436 3087 minore
460 3026 710 3106 supradiximus.
745 3027 832 3104 Quod
857 3029 894 3087 ad
918 3026 1059 3089 Jacohum
1078 3026 1219 3107 majorem
1235 3027 1347 3104 attinet,

125 3112 184 3173 fnit
199 3112 249 3174 ille
276 3113 471 3177 consobrinus
490 3113 597 3175 Christi
623 3122 651 3174 et
674 3113 766 3175 frater
789 3133 949 3192 germanus
965 3108 1272 3193 totenais'aponoti,
1289 3124 1348 3177 tam

125 3198 279 3279 potensin
296 3201 481 3275 decendunt
495 3200 559 3280 ipse
578 3209 605 3261 et
621 3199 711 3263 frater
726 3199 874 3261 lohannes
890 3220 908 3260 a
925 3197 1043 3263 Christo
1061 3199 1195 3260 dieantur
1210 3200 1347 3281 denesp-

48 3308 53 3313 ·
126 3284 335 3366 pachemii
353 3286 480 3347 tonitrui.
514 3285 863 3363 Ambitiosaluithorum
881 3293 988 3359 mater,
1006 3306 1073 3346 cnm
1089 3294 1209 3364 peteret,
1225 3293 1258 3345 ut
1273 3283 1349 3347 alter

125 3369 255 3433 filiorum
271 3372 337 3453 ejus
352 3373 384 3432 in
400 3393 499 3453 regno
509 3372 617 3437 Christi
634 3395 652 3449 a
668 3373 790 3450 dextris,
806 3372 879 3436 alter
893 3394 911 3435 a
926 3370 1054 3434 sinistris
1071 3374 1194 3435 sederet.
1226 3370 1347 3437 locatio

126 3458 230 3523 Jaeohi
247 3461 285 3519 ad
306 3459 500 3539 apostolatum
525 3460 629 3522 Matth.
647 3458 679 3537 tl,
696 3463 748 3522 ut.
774 3468 862 3523 extat.
893 3461 939 3521 Dc
963 3468 1079 3547 caetero
1103 3459 1231 3525 Jacohns
1254 3460 1349 3540 major

12 3612 15 3619 ,
128 3545 259 3607 omnium
274 3545 483 3625 Apostolorum
505 3545 561 3606 fnit
578 3546 707 3626 primus,
730 3546 779 3626 qni
803 3547 970 3627 martyrium
996 3545 1138 3611 sustinuit
1158 3548 1213 3609 snb
1228 3545 1348 3611 Herode

127 3633 195 3695 Act.
213 3630 265 3708 12,
281 3635 311 3694 2.
329 3668 366 3678 --
394 3632 422 3714 ᾗ.
437 3633 468 3694 2.
493 3633 541 3694 Ex
558 3633 625 3694 hist.
643 3631 716 3697 eccl.
734 3633 896 3711 hahemus,
910 3634 989 3714 quod
1007 3633 1040 3695 S.
1055 3633 1186 3697 lacobus
1199 3631 1348 3711 insignem

12 3724 13 3767 ἕ
128 3738 248 3797 magum
264 3718 482 3800 Hermogenem
497 3718 696 3782 adversarium
713 3720 864 3797 hahuerit,
889 3721 939 3801 qui
959 3741 998 3799 ex
1013 3717 1117 3781 schola
1141 3741 1200 3781 sna
1214 3717 1348 3796 discipu·
1560 3790 1563 3805 .

95 3828 100 3833 ·
126 3804 192 3866 lurrr
208 3804 287 3866 misit
303 3808 342 3871 ad
357 3806 542 3869 refutandum
569 3807 741 3887 apostolum.
774 3808 860 3885 Quod
886 3828 951 3869 cum
976 3805 1142 3886 discipulus
1165 3826 1222 3865 non
1240 3814 1349 3884 posset,
1459 3818 1463 3823 '

127 3892 221 3969 iratus
237 3893 443 3973 Hermogenes
459 3894 650 3956 daemonibus
667 3892 824 3973 mandavit,
841 3903 873 3961 m
884 3895 1027 3956 iacchum
1041 3891 1206 3972 apostolum
1223 3911 1276 3971 per
1292 3891 1349 3955 vim

129 3980 164 4043 ad
184 3999 219 4040 ee
235 3980 384 4042 ducerent.
412 3981 519 4044 Verum
537 3983 693 4044 daemones
710 3981 739 4041 in
757 3987 824 4042 aire
836 3981 935 4043 lesum
947 3979 1093 4041 Messinm
1109 3977 1234 4058 prolessi
1251 3977 1349 4059 ipsum

128 4065 346 4147 Hermogenem
366 4069 404 4127 ad
419 4069 560 4129 Jaeohum
581 4067 755 4131 detulerunt.
789 4068 877 4130 'lune
893 4088 961 4129 vero
986 4065 1131 4129 confusus
1147 4066 1350 4145 Hermogenes

125 4151 220 4221 lihrns
236 4154 369 4233 magicos
387 4153 549 4216 combussit
566 4162 594 4214 et
610 4154 695 4218 fidem
708 4151 816 4218 Christi
832 4153 988 4234 professus
1002 4150 1081 4215 idola
1098 4152 1261 4216 domestica
1275 4166 1349 4215 corr-¹

127 4238 240 4319 fregit,
259 4240 415 4322 pecuniam
438 4239 516 4305 urale
539 4249 655 4321 ‘partam
677 4242 754 4303 inter
782 4260 930 4322 pauperes
956 4238 1114 4303 distribuit.
1152 4238 1350 4305 Nihilominus

67 4378 70 4381 .
128 4325 248 4391 ludaeis
264 4327 412 4403 iacchum
423 4330 459 4390 oh
478 4327 635 4393 conciones
658 4329 693 4391 de
710 4328 826 4405 Christe
844 4348 941 4389 coram
958 4326 1076 4389 Herode
1092 4326 1281 4391 criminaliter
1297 4345 1351 4388 ac-

92 4472 99 4479 .
129 4423 282 4479 ansarum.
322 4413 457 4479 Heredes
483 4416 625 4493 iacchum
649 4414 734 4479 morti
757 4413 879 4480 addixit.
918 4414 997 4479 Dum
1020 4413 1052 4476 in
1075 4413 1126 4477 via
1149 4421 1197 4479 est
1210 4415 1354 4494 iacchus,

180 4523 244 4567 Ther.
256 4522 364 4574 unomen.
376 4525 446 4569 amnt.
458 4526 478 4568 1.
490 4531 508 4568 ι.
1128 4512 1151 4574 4
