3192 5056
800 845 881 931 lX.

251 1138 304 1231 G.
328 1140 355 1230 l
367 1165 440 1225 ae.
462 1135 663 1225 Planelt
686 1134 897 1222 uariorum
927 1134 981 1222 de
1010 1133 1172 1249 otigine
1191 1135 1290 1225 festi
1307 1067 1472 1229 Christi
1521 1098 1524 1111 Ι

457 1272 637 1361 netulifii
662 1273 965 1361 sententiarum
992 1272 1186 1386 epieriois
1196 1273 1247 1390 1).
1288 1332 1291 1337 ·

336 1492 421 1556 Diem
445 1490 603 1553 natiuitatis
625 1491 697 1553 Jesu
728 1489 838 1553 Citristi
861 1508 976 1552 sacrum
1003 1506 1061 1551 non
1077 1487 1214 1570 optimis
1230 1489 1299 1553 iude
1316 1488 1467 1556 eeclesiae

249 1581 438 1662 temporibus,
457 1580 509 1641 sed
526 1577 735 1660 praeterlapsis
752 1580 866 1641 demum
883 1575 997 1660 aliquot
1019 1575 1130 1640 seeulis
1149 1576 1181 1638 in·
1202 1578 1344 1641 festorum
1365 1582 1466 1646 soeie-

250 1668 318 1731 tatis
334 1665 511 1729 christianae
528 1686 681 1727 numerum
697 1664 790 1728 luisse
806 1665 946 1739 relatum,
970 1660 1064 1749 omnis
1091 1663 1208 1746 quidern
1229 1667 1389 1748 antiquitas
1407 1680 1465 1733 taut
1574 1736 1575 1747 p

249 1752 399 1817 luculento
417 1765 504 1836 atque
521 1753 651 1815 unanimi
668 1753 834 1816 testimonio
844 1751 984 1831 declarat,
1001 1763 1035 1814 ut
1051 1749 1140 1815 celari
1157 1764 1243 1835 atquo
1259 1753 1400 1816 occultari
1411 1776 1465 1820 se·
1520 1760 1529 1784 '

248 1841 312 1904 rior
325 1841 378 1904 illa
393 1840 588 1904 sollennitatis
606 1844 724 1903 nostrae
741 1841 824 1921 origo
840 1835 898 1902 non
917 1840 1070 1923 potuisset·
1088 1839 1114 1902 si
1130 1838 1177 1902 vel
1194 1841 1269 1903 ratio
1287 1840 1464 1919 occultandi,
1522 1899 1532 1912 ,

250 1950 326 2012 quae
349 1929 465 2012 quidem
481 1929 557 1991 inter
573 1948 628 1991 nos
643 1926 721 1991 uerte
738 1928 820 1991 nulla
836 1928 960 2009 eogitari
976 1936 1081 2009 potest,
1098 1928 1254 1991 adfuisset.
1273 1928 1349 1993 lllud
1365 1942 1464 1995 autem
1495 1993 1498 1997 Α
1574 1958 1575 2005 j

248 2016 460 2080 incommodius
478 2016 569 2078 rideri
586 2014 767 2098 aliquantum
782 2029 900 2098 posset,
918 2019 996 2098 quod
1013 2017 1092 2078 eirea
1108 2016 1185 2078 haue
1210 2014 1304 2098 ipsam
1325 2014 1394 2080 sesti
1412 2039 1463 2081 se-

180 2164 182 2167 .
247 2104 354 2167 tionem
373 2104 517 2186 originem
534 2103 605 2165 nihil
624 2103 694 2165 eerti
712 2102 797 2164 uoltis
811 2102 929 2185 reliquit
944 2103 1113 2185 antiquitas,
1130 2101 1189 2164 uisi
1205 2103 1277 2165 illud
1295 2104 1392 2185 ipsum
1409 2125 1463 2169 sa·
1574 2098 1575 2105 ἵ

248 2194 403 2273 gnoitatem
416 2204 502 2273 atque
518 2191 667 2252 solertiam
680 2190 940 2253 eruditissimorum
958 2191 1084 2253 virorum
1094 2189 1147 2272 *'),
1166 2190 1216 2272 qui
1231 2189 1263 2251 iu
1274 2183 1462 2257 illustrandis

248 2278 470 2360 antiquitatitrns
487 2277 581 2339 saeris
600 2279 811 2354 versabantur,
835 2277 877 2339 ita
900 2277 1047 2357 uouisset,
1073 2287 1104 2340 ut
1127 2277 1156 2338 in
1184 2278 1324 2341 dtuandis
1342 2279 1462 2343 illorum
1524 2276 1529 2281 ’
1574 2312 1575 2359 3

248 2372 426 2447 temporum,
442 2365 473 2425 in
493 2365 601 2444 quihus
618 2364 701 2443 origo
722 2364 791 2425 fusti
813 2364 915 2445 quaeri
938 2374 1068 2446 poterat,
1096 2366 1290 2428 monumentis
1314 2367 1393 2430 nihil¹
1410 2361 1477 2430 iu?
1574 2370 1575 2377 ’

248 2465 355 2514 tactum
372 2462 423 2515 aut
437 2449 689 2533 imperscrutnturn
706 2448 915 2535 relinquerent,
940 2474 978 2521 ex
996 2472 1063 2536 quo,
1088 2454 1167 2533 quod
1183 2452 1301 2516 lortnua
1317 2473 1373 2516 nou
1393 2474 1462 2518 raro
1559 2492 1575 2533 q

246 2540 287 2603 ita
313 2540 393 2616 tulit,
418 2558 476 2614 uon
502 2550 559 2600 tam
579 2557 699 2617 causae,
717 2539 752 2600 de
768 2558 826 2621 qua
843 2542 1057 2620 quaerebatur,
1088 2558 1175 2621 quatu
1199 2541 1356 2604 universae
1377 2531 1462 2606 iilius
1574 2558 1575 2601 ῑ

247 2627 312 2690 aeri
328 2627 469 2690 historiae
484 2646 544 2688 non
561 2647 664 2707 parurn
680 2626 778 2688 uariae
795 2625 872 2696 lueis
889 2624 1017 2690 allrrsom
1036 2639 1088 2690 est.
1108 2626 1141 2707 ld
1158 2628 1275 2711 quidem
1293 2628 1463 2691 eouirmari
1574 2684 1575 2697 ,

246 2714 326 2777 laeili
343 2736 432 2797 opera
450 2732 540 2794 posse
557 2711 746 2792 confidimus,
772 2713 814 2790 si,
838 2734 1038 2798 quae-magno
1063 2714 1183 2777 istorum
1206 2716 1334 2778 virorum
1358 2714 1460 2780 labore
1574 2760 1575 2771 r

120 2864 122 2869 .
171 2883 175 2888 ι
248 2810 330 2865 eruta
347 2813 415 2865 suut
431 2809 460 2864 et
476 2800 694 2885 conquisitapin
711 2796 806 2882 panea
823 2805 965 2883 quaedam
979 2803 1074 2885 capita
1091 2802 1209 2864 redacta
1220 2802 1283 2885 jam
1300 2824 1378 2866 nune
1396 2802 1460 2865 ool·
1501 2828 1507 2831 ·
1574 2822 1575 2883 q

246 2889 383 2972 ligamus,
402 2909 459 2971 quo
477 2900 565 2965 eante,
583 2891 662 2970 qaod
679 2888 799 2969 tempori
828 2900 855 2951 et
872 2909 963 2973 scopo
979 2900 1079 2953 nostro
1096 2889 1192 2967 magis
1209 2893 1459 2954 accommodatum

246 2976 293 3056 sit,
310 2977 380 3039 uihil
398 2975 460 3039 lieri
478 2995 496 3038 a
511 2974 701 3059 nohispposse
718 2974 928 3040 existimamus.
1114 2988 1119 2997 '
1574 3054 1575 3059 η

333 3065 390 3127 Pro
402 3074 480 3126 eerto
496 3062 594 3145 itaque
611 3071 640 3126 et
656 3060 805 3145 explorato
822 3063 894 3126 illud
905 3062 1027 3145 primaru
1045 3060 1146 3125 haheri
1156 3061 1280 3143 poterit,
1296 3060 1382 3127 uulla
1395 3063 1463 3131 soh-
1554 3128 1557 3129 γ
1574 3094 1575 3129 r

245 3151 395 3219 leuuitetis
414 3150 572 3233 religiosae
586 3151 618 3212 iu
647 3151 813 3214 memorium
838 3148 1082 3214 nati'Sertatoris
1104 3147 1255 3211 institutas
1276 3151 1405 3230 vestigia
1419 3154 1461 3216 'in
1574 3150 1575 3213 Ῑ

246 3239 524 3305 sequestrationis
541 3240 664 3302 duorum
683 3238 838 3320 primorum
855 3237 1021 3300 seculorum
1040 3236 1172 3318 reperiri.
1205 3237 1238 3300 Si
1263 3235 1381 3319 quidem
1397 3240 1460 3304 ullo

246 3326 513 3394 Constitutiouiltus
533 3326 719 3409 spostolioim
736 3344 811 3408 quae
828 3329 882 3389 suh
895 3326 1053 3388 Clementis
1072 3323 1188 3389 nomino
1201 3324 1458 3408 eirentuletuutur,
1574 3404 1575 3407 Ἴ

246 3417 334 3478 tribui
346 3426 450 3497 posset
465 3414 636 3489 austeritas,
653 3413 736 3495 ipsos
753 3412 911 3494 Apostolus
931 3411 998 3476 lusti
1014 3414 1105 3476 uostri
1123 3424 1260 3476 austures
1277 3433 1346 3477 esse
1370 3416 1461 3479 iuoilo
1574 3432 1575 3497 g

246 3513 403 3576 constaret,
419 3521 514 3582 nequo
532 3500 621 3563 duhio
636 3501 721 3563 loeus
737 3494 826 3573 ossei,
841 3500 912 3583 quio
928 3522 946 3565 u
966 3501 1059 3583 prima
1071 3502 1134 3583 jum
1150 3501 1281 3563 eoelesia
1303 3500 1381 3564 idem
1408 3501 1459 3567 ilio
1574 3512 1575 3563 1

246 3590 327 3671 tlies¹
353 3609 437 3672 quem
455 3607 510 3661 nos
536 3608 652 3650 eaerum
670 3589 811 3669 agimus,
842 3589 1036 3651 recordationi
1061 3588 1220 3652 natiuitatis
1244 3586 1354 3653 Christi
1370 3589 1460 3652 luerit
1574 3606 1575 3609 ’

246 3750 471 3769 affl

314 3858 1459 4001 7.71111.ῗ1.’1·..1“1111.1111.’1111111111111111111..1...

245 4004 296 4055 seri
323 4000 353 4055 t..
374 4003 406 4055 ll.
428 4004 459 4055 de
480 4003 553 4056 iestis
572 3997 822 4067 Christianorump.
848 4003 904 4053 tao.
940 3998 1010 4052 tot.
1031 3998 1138 4076 ¹dode.
1166 4000 1365 4053 Sehmidius
1389 4000 1458 4053 liist.

245 4070 368 4122 lautorum
387 4080 414 4123 et
432 4072 582 4124 dominicae.
601 4085 627 4141 p.
649 4071 692 4123 51.
728 4068 743 4119 J
753 4070 849 4121 oueh.
876 4069 1114 4123 lliltlehrrndi
1139 4069 1307 4122 Euehiridiou
1325 4070 1459 4123 desuerit

245 4140 365 4208 puhlicis,
387 4147 437 4191 tem
457 4141 505 4204 lis,
530 4139 603 4192 iestis
631 4138 732 4207 priseae
756 4146 783 4190 et
800 4139 946 4205 primitivae
966 4139 1103 4190 ecelesiae.
1123 4138 1264 4191 Helmstad.
1289 4140 1364 4193 1735.
1384 4138 1412 4190 iu
1430 4142 1457 4190 t.
1491 4134 1514 4204 A*

245 4208 314 4272 Sip.
333 4207 401 4258 lae.
433 4157 667 4274 lluumgurtem
692 4204 782 4272 Progr.
804 4207 835 4259 ds
855 4207 997 4259 solennium
1018 4207 1124 4259 Christo
1146 4214 1206 4258 uoto
1229 4220 1362 4259 soenorum
1381 4207 1460 4270 urigi-
1574 4206 1575 4245 t

245 4277 330 4327 uibus.
369 4275 451 4326 lialse
480 4282 553 4330 1738.
591 4275 627 4333 ld.
654 4276 685 4327 de
714 4291 801 4327 mense
824 4277 916 4343 dieque
944 4276 1081 4328 memoriae
1110 4275 1205 4326 Christi
1232 4278 1286 4328 nuti
1315 4275 1458 4342 antiquitus

245 4351 407 4396 oonseoruto.
430 4342 467 4395 lh.
492 4344 567 4398 1740.
604 4342 642 4397 ld.
661 4346 692 4396 de
714 4345 862 4397 solennibus
881 4345 973 4412 quihus
991 4343 1114 4396 memoris
1130 4343 1226 4396 Christi
1240 4345 1295 4396 uoti
1315 4344 1458 4410 antiquitus

184 4410 188 4415 ’
244 4413 445 4465 eelehrstoest.
475 4411 512 4464 lh.
535 4413 612 4467 1713.
648 4411 810 4465 Gottlieh
832 4411 1161 4477 Wernsdorlll’rugr.
1188 4428 1237 4481 quo
1261 4412 1374 4480 potiores
1399 4426 1458 4462 seu-

243 4483 342 4534 tentiae
360 4482 392 4533 de
410 4482 452 4533 die
470 4478 551 4533 ntuli
568 4480 593 4533 J.
612 4481 641 4535 G.
662 4488 838 4533 recensentur.
860 4480 971 4534 Wittelt.
990 4483 1066 4537 1738.
1086 4481 1173 4548 plures
1192 4482 1332 4548 scriptores
1351 4479 1459 4546 eollegit

136 4568 140 4587 2
243 4548 313 4603 ioh.
331 4550 406 4605 ath.
427 4548 614 4603 Fuhrieius
634 4547 813 4630 diiiiosrtph..
828 4550 959 4618 antiquar.
979 4549 1021 4603 od.
1040 4553 1066 4605 3.
1089 4565 1116 4618 p.
1133 4551 1186 4608 tte
1209 4564 1245 4602 ss.
