3152 5066
1195 352 1205 387 Ι

1558 418 1559 431 l

1285 602 1290 611 ⁴

854 704 858 711 ι
1075 698 1078 705 ’
1250 700 1292 713 no

1391 724 1398 727 .
1558 718 1559 725 a

1069 790 1073 799 r

1021 876 1025 885 ,
1226 870 1231 879 ι

977 1052 984 1061 ,
1376 1050 1382 1057 ι

940 1060 944 1071 '
1019 1064 1072 1077 ι*
1130 1068 1134 1077 r
1216 1068 1219 1079 r

1274 1144 1278 1151 v

736 1062 932 1165 xxm

229 1374 268 1466 J.
299 1322 399 1463 tur.
429 1320 548 1460 cns
577 1330 884 1503 rturrapae
910 1366 1047 1456 mss
1076 1312 1324 1484 aalma,
1345 1396 1454 1485 pre·

332 1510 466 1603 *suu
491 1507 816 1603 amomum
836 1505 996 1605 ,aare
1024 1502 1296 1667 oaeneon

307 1728 427 1795 ¹(lttscis
441 1727 560 1811 mmm
573 1738 630 1808 est,
643 1726 815 1813 qonttemtt
830 1725 1010 1792 christianus
1019 1724 1197 1810 strom-m
1208 1725 1356 1805 tutus,
1371 1725 1454 1791 intur
1558 1734 1559 1809 Ῑ

232 1817 408 1901 relinquunt
423 1819 461 1880 od
476 1832 582 1901 preses
597 1816 754 1883 ms
770 1816 1193 1899 plerumqnsaonsspmtinas
1209 1813 1452 1897 odpsllutauiae
1558 1816 1559 1869 l

231 1924 317 1983 mos,
340 1904 504 1970 utisslsot·
541 1902 817 1989 Pduo‘qrssnsmps
832 1912 938 1968 mnus
959 1907 1081 1975 aanor
1105 1903 1359 1984 digitostelsrnnt
1376 1904 1450 1985 sgi-

232 2007 331 2062 mutos
351 1994 383 2057 in
406 2003 566 2076 conspectu
589 2014 644 2058 suu
667 1992 758 2057 ternis
775 1993 889 2057 rioilus
904 1992 1205 2067 mosomenses,
1218 2003 1261 2055 ut
1276 1989 1370 2055 tocie
1387 1991 1451 2053 oli·
1558 1992 1559 2049 f

233 2105 320 2171 qnam
338 2083 435 2146 crucis
451 2081 574 2162 figuram
593 2102 740 2144 cernercs.
779 2083 953 2159 Quaeres,
979 2078 1449 2143 utalasxtsrnissacrislsaud
1558 2062 1559 2137 l

233 2174 349 2250 aliene,
374 2170 535 2252 antiquitus
555 2169 676 2252 jamjam
691 2189 750 2231 usu
766 2177 795 2231 st
810 2167 983 2231 anctoritate
999 2165 1168 2229 conlirmnta
1185 2179 1262 2245 erat,
1284 2167 1327 2230 ita
1341 2165 1413 2231 inde
1430 2187 1449 2230 a
1558 2232 1559 2245 ,

232 2259 335 2345 primis
358 2269 388 2320 st
410 2257 661 2339 subsequentibus
685 2254 892 2318 christianismi
917 2254 1028 2319 seculis
1043 2258 1157 2338 aisque
1176 2255 1237 2319 ulls
1253 2255 1379 2318 sceleris
1396 2265 1449 2321 ast
1558 2254 1559 2267 ¹

232 2344 449 2430 superstitionis
466 2343 633 2425 suspicions
655 2364 691 2406 ac
710 2345 806 2406 bonas
822 2352 931 2407 tantum
947 2342 1145 2407 conscientias
1160 2343 1270 2425 pretio,
1292 2342 1361 2425 jore
1379 2362 1447 2424 suo,
1558 2340 1559 2415 Ῐ

234 2435 447 2520 qualecumque
463 2432 492 2494 id
509 2431 558 2507 sit,
574 2432 666 2514 digna
682 2431 901 2497 aestimabatur.
935 2432 971 2494 nt
987 2440 1088 2495 nostru
1105 2431 1281 2508 tormonte,
1297 2452 1375 2513 quae
1392 2453 1448 2494 sa·

176 2540 178 2549 ’
233 2524 337 2602 uioris,
353 2522 383 2586 si
398 2521 456 2584 diis
472 2520 583 2603 placet!
600 2520 712 2602 ingenii
728 2531 782 2600 est,
799 2540 833 2585 ea
849 2520 880 2582 in
895 2540 985 2583 eausa
1003 2518 1117 2602 priscae
1129 2519 1352 2583 consuetudinis
1371 2541 1448 2583 nuc-

234 2613 338 2675 toritas
354 2621 405 2674 out
420 2609 546 2673 conuelli
569 2620 620 2672 aut
635 2607 894 2681 minuitur
908 2606 1039 2681 ,sidetem
1078 2605 1177 2672 Variis
1201 2606 1278 2671 euim
1295 2607 1364 2673 doci
1380 2607 1449 2691 opi-

232 2699 371 2764 nionibus
387 2718 422 2761 en
439 2700 476 2760 ds
490 2718 524 2761 re
539 2696 648 2773 itidem,
665 2708 697 2759 ut
711 2698 820 2760 iactura
836 2696 899 2758 fere
915 2695 946 2757 iu
960 2695 1038 2758 omni
1052 2716 1164 2777 genere
1180 2694 1352 2774 officiorum,
1370 2718 1448 2779 quas

234 2791 272 2852 sd
285 2797 437 2850 externum
450 2794 584 2866 spectant
600 2785 755 2864 religionis
767 2785 876 2847 cultum
891 2783 980 2865 inque
989 2783 1105 2847 diversa
1114 2783 1272 2848 iderabirc
1285 2794 1449 2867 coeperunt
1558 2862 1559 2869 ἵ

232 2873 324 2939 nostri
340 2873 485 2935 homines.
506 2872 581 2934 Pars
599 2872 693 2954 rejicit
705 2893 769 2935 earu
781 2893 840 2934 non
856 2871 961 2934 minori
979 2881 1133 2949 contemtu,
1147 2873 1235 2956 juata
1250 2883 1338 2956 atque
1353 2872 1449 2936 altera
1558 2916 1559 2947 2

234 2961 314 3026 oanni
329 2981 394 3024 earn
409 2960 487 3022 louet
500 2959 611 3035 studio,
626 2980 715 3040 quum
730 2959 805 3022 iuter
818 2979 854 3022 ea
865 2968 1045 3040 parscstsra
1059 2981 1159 3024 seeum
1175 2959 1311 3025 lrallitsos
1325 2961 1449 3044 perinde
1543 2970 1546 2975 '

234 3072 298 3116 saur
315 3049 409 3132 ipsam
426 3047 529 3110 haberi
543 3057 653 3110 censet.
676 3046 732 3110 cut
750 3067 822 3128 erqo
838 3049 1053 3111 concedendurn
1066 3048 1114 3126 sit,
1131 3058 1164 3111 ut
1180 3047 1367 3130 disquiratur,
1382 3069 1448 3111 anu

232 3139 390 3220 indiguum
406 3135 475 3199 milri
490 3135 586 3198 visum
600 3145 644 3198 cst
660 3133 691 3196 ia
706 3156 798 3217 eoque
812 3137 985 3221 exponendo
1001 3157 1053 3218 pro
1068 3155 1133 3198 meu
1148 3135 1331 3216 intelligendi
1345 3136 1447 3201 iacul-

233 3238 291 3293 tate
307 3227 339 3289 in
357 3223 523 3308 praeseutia
539 3244 635 3286 rerum
653 3222 834 3287 allaborabo.
870 3224 981 3287 Fontes
998 3223 1074 3286 enim
1091 3222 1236 3306 ejusmodi
1253 3242 1357 3289 sacras
1371 3245 1447 3287 sou-

192 3352 197 3361 1
233 3313 400 3380 suetudinis
417 3319 506 3376 conscio
521 3312 725 3393 sipoosteodi,
740 3334 850 3394 precam
867 3318 977 3386 marito,
995 3311 1119 3393 aperire,
1136 3311 1222 3374 simul
1238 3321 1326 3395 atque
1342 3333 1404 3390 cos,
1420 3311 1447 3376 si
1558 3322 1559 3337 ³

232 3402 297 3465 lieri
313 3401 416 3483 possit,
431 3401 469 3461 ab
486 3399 662 3482 impuritatis
677 3398 848 3483 suspicione
864 3399 1020 3462 defendere
1036 3399 1142 3480 placet.
1176 3399 1261 3477 Quod
1278 3399 1304 3462 si
1321 3421 1358 3462 ex
1372 3421 1448 3463 scu·
1558 3466 1559 3477 2

232 3488 324 3554 tentia
340 3488 533 3562 successerit,
558 3510 624 3551 cum
650 3510 708 3551 non
732 3486 863 3551 dilliieils
886 3485 941 3550 crit
955 3488 1098 3567 probare,
1125 3507 1161 3550 sa
1183 3487 1215 3548 iu
1232 3489 1447 3552 consuetudins
1558 3486 1559 3509 ¹

232 3597 330 3660 seque
344 3577 527 3658 importunae
544 3577 763 3659 superstitionis
787 3597 881 3659 aeque
903 3574 984 3657 impii
1001 3575 1162 3659 gentilismi
1177 3575 1320 3639 maculam
1338 3579 1447 3660 depre-

233 3665 322 3730 hendi
339 3684 448 3747 possc3
469 3673 528 3726 tum
546 3685 615 3727 vero
633 3665 705 3727 satis
724 3668 798 3728 loeus
816 3664 932 3728 edoceri
949 3662 1104 3743 ridebitur,
1122 3685 1185 3727 cam
1204 3663 1298 3747 ipsam
1315 3666 1394 3728 bona
1411 3668 1448 3730 de
1558 3670 1559 3701 ³

185 3744 188 3753 ¹
234 3775 326 3819 causa
351 3755 387 3816 ad
412 3752 550 3814 honorent
567 3772 716 3814 sacrorum
735 3752 844 3817 Christi
862 3751 1010 3816 observari
1028 3762 1171 3835 oportere.
1209 3752 1360 3835 Atqucitn
1377 3753 1448 3836 qui·
1485 3756 1492 3766 '

233 3846 299 3906 dem
316 3863 373 3904 non
396 3839 515 3901 habebit
538 3838 690 3903 irriserunt
714 3851 833 3918 coetus,
857 3842 933 3902 uude
958 3840 1084 3921 amplius
1102 3848 1226 3905 nauseet
1242 3863 1305 3904 snm
1323 3841 1447 3925 risuque

233 3952 269 3994 ac
284 3929 398 4012 jocosis
413 3927 500 3991 dictis
515 3927 671 4010 prosequi,
693 3926 779 3990 immo
796 3927 913 3990 imrnaui
941 3927 1142 3992 criminatione
1166 3950 1365 4012 conspurcare
1390 3952 1447 3994 ro·

231 4016 352 4097 luptatis
368 4014 434 4077 loco
453 4017 549 4081 ducat.
568 4016 677 4080 Vernus
694 4015 780 4078 etiarn
797 4013 931 4079 rectioris
949 4016 1039 4078 animi
1055 4016 1108 4079 viri
1126 4017 1231 4099 partim
1246 4029 1277 4080 ut
1293 4018 1445 4098 desistant,

232 4103 280 4171 uel
298 4103 455 4168 scelestam
472 4104 519 4167 rel
538 4105 780 4187 qualemcumque
794 4103 972 4168 levissimam
991 4114 1157 4191 certe-som
1182 4108 1310 4190 pendere
1338 4106 1444 4189 partim

231 4204 265 4258 ut
281 4191 387 4273 ceteris
402 4189 556 4273 religionis
573 4202 691 4257 nostrus
707 4193 765 4275 piis
783 4193 911 4257 muribus
930 4213 994 4258 saur
1011 4193 1189 4277 adscribant,
1208 4212 1317 4260 causas
1332 4195 1447 4261 intelli-

232 4282 308 4366 gent
322 4279 615 4365 praegnantissimas.

232 4444 448 4465 nu..-

297 4535 535 4609 permirtum.
557 4535 632 4605 ress.
652 4541 680 4597 s.
