3192 5056
608 285 917 356 ‘dsdlenlrldlum‘
1298 284 1366 360 iii

152 461 429 529 consubrinitatis
444 464 482 527 ad
497 439 678 528 traditiones
686 466 830 535 bonanae
843 422 1140 548 macerabant:
1156 466 1285 533 masna
1295 471 1365 532 dnm

153 551 316 626 conflatur,
333 552 448 632 magice
465 552 657 631 exornantur,
675 564 704 616 et
719 552 883 635 baetim
900 555 1083 635 manetur,
1100 559 1167 618 dau
1184 557 1258 620 baec
1274 558 1364 639 (con-

151 639 290 717 firmatio)
307 637 389 702 illius
403 640 633 722 nonannoeane
653 650 764 704 tenere
778 643 966 723 affingitur.
999 642 1076 721 Quis
1097 647 1169 723 ergo
1192 655 1249 707 tau
1265 646 1365 708 audax

153 739 242 804 essct,
259 738 294 789 ut
309 749 373 790 eam
390 741 603 791 sacramentum
620 749 688 792 esse
700 732 869 793 camerati
888 762 926 778 -
943 728 973 812 §-
989 731 1041 793 36.
1058 730 1151 793 Porro
1166 734 1223 794 sub
1241 750 1364 815 resper-

153 816 222 879 linis
240 816 373 896 ejusden
391 815 449 879 diei
466 819 602 898 precibus
620 820 678 879 dan
694 816 936 903 acolutbijnigris
949 817 1042 879 induti
1059 818 1177 880 casulis
1197 821 1294 882 oannis
1317 819 1365 882 al-
1410 828 1417 837 “

152 902 227 966 teria
252 903 472 985 suisepoliant
495 905 684 980 ornamentis,
715 904 852 988 operiunt
883 925 920 969 ee
950 905 1045 985 nigris
1070 907 1256 987 tegumentis,
1288 905 1365 970 affe*-

151 1002 222 1054 runt
246 1011 381 1066 coronas,
417 991 514 1054 velant
538 992 694 1074 imagines.
727 993 875 1057 candelas
908 992 994 1057 etiam
1021 993 1297 1073 extinguunt,.nan
1318 1004 1366 1056 ts-

151 1099 218 1141 nuen
238 1099 339 1145 omnes
360 1077 458 1157 simul,
474 1081 528 1141 sed
547 1081 717 1145 successive
734 1090 762 1143 et
777 1078 911 1143 nonnulli
930 1080 1046 1163 quidem
1064 1081 1202 1158 singulas
1218 1088 1285 1163 post
1299 1081 1366 1143 siu·

151 1163 228 1248 gula
245 1165 359 1229 canica
375 1167 560 1246 extinguunt.
604 1170 639 1231 ln
662 1169 838 1250 quibusdam
862 1166 997 1231 ecclesiis
1019 1190 1108 1231 cerea
1129 1171 1254 1249 quadam
1276 1188 1367 1235 mssa

75 1289 85 1295 -
153 1255 377 1328 exalcabuntur.
409 1254 541 1317 Candela
557 1267 664 1333 autem,
680 1274 756 1337 qaae
773 1256 803 1317 in
820 1256 992 1331 mediaest,
1010 1276 1069 1318 nou
1086 1256 1285 1337 exdnguitur,
1311 1258 1365 1320 sed

151 1342 183 1404 iu
206 1341 337 1417 fenestra
361 1340 407 1405 vel
431 1362 501 1405 area
519 1363 646 1407 accensa
668 1355 804 1406 secamur
820 1336 949 1420 orcalte,
973 1354 1003 1406 ut
1020 1344 1161 1406 candelae
1177 1365 1282 1406 rursus
1297 1344 1366 1407 iude

114 1446 118 1459 ·
152 1430 274 1492 accendi
293 1427 455 1511 possint*).
474 1465 513 1479 -
530 1430 558 1515 ᾗ.
577 1432 628 1493 37.
646 1432 678 1493 ln
702 1431 852 1512 plerisque
870 1430 945 1493 locis
961 1431 1098 1493 lavantur
1118 1431 1175 1493 boc
1198 1430 1245 1494 die
1261 1431 1366 1494 altaria

152 1517 221 1580 nino
239 1528 267 1579 et
286 1538 364 1598 aqua
381 1529 409 1580 et
425 1518 514 1580 ramis
529 1518 735 1599 fricantur**),
752 1521 781 1580 id
800 1521 877 1600 quod
896 1540 933 1580 ex
949 1515 1119 1599 gentilibus
1139 1521 1303 1580 desumturn
1319 1518 1365 1582 ri·

153 1607 240 1667 detur
254 1604 450 1686 Hospiaiauo.
480 1604 566 1686 Apud
588 1606 720 1668 ethnicos
745 1606 821 1668 enirn
839 1605 1011 1668 lavationem
1028 1605 1129 1668 matris
1145 1606 1239 1668 Dedan
1255 1606 1365 1669 festum

150 1693 256 1766 foisse,
272 1693 304 1753 in
319 1713 376 1774 quo
392 1693 486 1774 aquis,
504 1694 641 1774 adjuncta
659 1693 766 1756 cineris
784 1693 938 1768 frictione,
961 1695 1064 1757 sordes
1089 1701 1203 1756 statuae
1227 1693 1292 1775 ejus
1310 1695 1366 1756 ab·

151 1779 280 1865 luerint,
306 1781 357 1863 (aa
372 1783 477 1843 Arnob.
497 1783 544 1842 lib.
562 1784 582 1843 7
599 1793 698 1844 matra
712 1790 818 1861 qaam)
837 1785 1026 1846 demonstrat.
1059 1780 1187 1863 Reliqua
1209 1796 1285 1863 quae
1310 1783 1366 1843 nd·
1434 1778 1442 1810 ‘

153 1869 309 1941 duximus,
326 1867 429 1948 panias
446 1887 543 1948 nugas
564 1878 592 1930 et
613 1867 736 1946 ludicra,
754 1869 857 1950 partim
877 1868 1112 1950 prodigalitatem
1132 1877 1161 1931 et
1178 1868 1365 1949 superaltis-

154 1977 221 2018 ncm
238 1953 380 2030 redolent,
397 1955 607 2036 quare-merito
623 1958 661 2018 ab
678 1956 724 2032 iis,
741 1957 792 2039 qui
809 1956 937 2019 sanioris
961 1957 1065 2019 mendo
1082 1966 1167 2032 sunt,
1194 1955 1365 2037 improben-

154 2050 211 2107 tur.
230 2078 271 2090 -
290 2043 318 2128 ᾗ.
340 2043 392 2105 38.
414 2042 551 2105 Linteum
568 2043 664 2123 etiam,
681 2066 738 2126 quo
755 2044 913 2107 Dominum
930 2044 962 2105 in
977 2043 1079 2106 ultima
1100 2064 1193 2106 coena
1208 2043 1366 2124 Apostolo-

154 2152 219 2194 rum
237 2130 399 2193 extersisse
414 2133 504 2210 pedes
522 2142 673 2212 nugantur
687 2133 735 2194 die
751 2148 862 2195 coenae
880 2132 1059 2208 dominicae,
1088 2131 1253 2193 ostenditur
1267 2151 1286 2192 a
1301 2152 1367 2193 mo·

153 2217 259 2282 naabis
277 2217 474 2299 Cassiu.*'*)‚
499 2238 703 2301 quassatusue
717 2221 789 2304 jure
801 2224 839 2282 ad
854 2217 993 2282 fabulosa
1008 2226 1038 2281 et
1057 2219 1264 2300 superstitiosa
1285 2217 1367 2282 reis·

155 2318 270 2369 rantur.
303 2305 406 2368 Fidens
429 2317 463 2377 ut
486 2306 617 2369 iacerent
640 2308 775 2370 monachi
798 2307 867 2370 huic
891 2307 990 2385 linteo,
1008 2309 1085 2387 quod
1101 2316 1180 2369 esset
1195 2304 1368 2384 genuinum,
1454 2334 1459 2345 ·

157 2415 216 2476 quo
234 2392 369 2456 Christus
385 2392 572 2474 praecinctus
589 2393 654 2472 fuit,
671 2395 699 2456 id
717 2395 819 2474 prunis
834 2395 1005 2457 ardentibus
1021 2394 1233 2475 imposuerunt,
1249 2396 1302 2456 sed
1318 2392 1367 2454 iu-

150 2481 363 2545 aotubastibile
385 2481 499 2545 mansit.
533 2480 649 2543 Similia
672 2492 773 2544 namet
792 2482 939 2544 Batonius
967 2484 1091 2543 udann.
1110 2480 1204 2544 1614.
1235 2483 1368 2543 Addstur

155 2571 186 2632 in
205 2569 274 2630 crisi
292 2569 432 2631 historica
447 2569 492 2631 Jo.
507 2569 569 2632 Jac.
587 2570 750 2646 Chibetius,
766 2571 802 2631 de
819 2569 919 2631 linteis
938 2567 1157 2650 sepulcralibus
1179 2588 1244 2648 esp.
1267 2569 1298 2631 a.
1326 2600 1366 2614 -

156 2657 184 2742 ᾗ.
200 2657 251 2719 39.
270 2655 429 2733 singulare
447 2656 534 2718 etiarn
560 2656 747 2739 priuilegium
764 2657 834 2719 buin
851 2657 909 2719 diei
927 2659 964 2719 ob
981 2657 1049 2718 festi
1066 2652 1281 2717 sollennitateru
1298 2674 1368 2735 orae

157 2743 283 2808 caeteris
300 2744 387 2825 bajus
406 2743 544 2825 temporis
559 2744 674 2806 videtur
690 2763 882 2823 concessum,
900 2745 978 2826 quod
995 2744 1132 2826 hymnum
1150 2740 1235 2805 illum
1251 2741 1368 2822 angeli·
1412 2794 1415 2801 ,

157 2852 242 2895 curu:
276 2835 376 2895 Gloria
397 2839 428 2894 ia
452 2834 568 2894 canolas
597 2839 670 2907 Deo,
692 2833 747 2895 boc
770 2833 834 2914 ipso
857 2833 888 2893 in
914 2831 1040 2894 ecclesia
1055 2830 1165 2894 cantari
1182 2829 1367 2892 snonuullis

156 2920 349 3003 permittatur.
380 2920 468 2982 iubet
484 2919 571 2999 euim,
587 2922 648 2983 Leo
665 2920 775 2997 lx.†):
806 2930 837 2983 at
853 2923 908 2982 dno
924 2923 968 2982 illi
983 2923 1077 2995 banni
1092 2921 1127 2981 ab
1141 2921 1249 2999 aaqelis
1273 2925 1304 2981 ia
1327 2920 1368 2981 N.

159 3016 195 3072 Τ.
220 3011 377 3070 decantati.-
410 3007 537 3070 Alleluia
558 3017 640 3089 atqua
664 3007 767 3071 Gloria
788 3008 819 3068 iu
850 3007 977 3071 excelsis
1000 3007 1128 3069 Deoaeia
1156 3013 1369 3087 metonymian,

15 3112 16 3115 ’
112 3154 118 3157 ,
158 3098 269 3179 qnando
291 3099 389 3176 maenas
409 3099 578 3176 protoplasti
593 3103 623 3157 in
638 3099 751 3158 coclsda
767 3103 907 3172 amantor,
929 3107 956 3158 et
972 3116 1067 3158 ament
1084 3097 1297 3159 hebdomadibus
1322 3102 1369 3157 ia·

158 3190 327 3248 urmittataa
341 3204 428 3263 rqsqae
441 3190 473 3244 ia
487 3186 604 3263 nomba,
620 3186 667 3244 abi
685 3186 813 3246 Gbaslas
829 3205 947 3262 cnrqean
964 3205 983 3244 a
1005 3188 1122 3244 mortain
1146 3188 1291 3244 tristitiom
1313 3203 1369 3244 ao-

158 3283 248 3355 stram
270 3278 299 3334 ia
326 3273 461 3350 qaadiaaa
475 3279 570 3345 anat,
588 3282 613 3332 et
627 3274 752 3333 Aliobrio
767 3273 847 3332 nobis
861 3273 989 3333 reddidit.
1019 3268 1162 3331 Nicotaus
1178 3278 1275 3330 autem
1292 3287 1370 3351 papa

159 3361 188 3421 in
207 3358 392 3440 epistolaad
407 3355 614 3439 Rbodolpbam
640 3357 892 3439 archiepiscopum
917 3355 1127 3420 Bituricensem
1153 3355 1314 3437 paeana,
1339 3366 1370 3417 at

48 3452 52 3463 '
163 3451 265 3510 abac
281 3454 310 3509 ia
326 3449 442 3508 sanabis
459 3453 517 3506 Deo
532 3449 568 3508 ab
583 3453 718 3527 enacmin
733 3454 764 3508 ia
780 3467 865 3508 coena
881 3450 996 3508 Domini
1012 3451 1084 3507 inter
1100 3451 1249 3507 miscarana
1263 3446 1369 3508 colba-

159 3542 210 3598 aia
232 3535 419 3612 dicatta††).
446 3568 486 3579 -
510 3529 537 3614 ᾗ
553 3532 606 3596 40.
632 3534 768 3616 Denique
785 3545 928 3609 eominus,
946 3532 1069 3615 quadiu
1086 3532 1211 3594 concilio
1229 3529 1370 3595 Aurelia·

125 3684 130 3693 ,
160 3623 248 3685 uensi
271 3621 302 3696 2,
325 3623 376 3682 23.
398 3620 430 3680 iu
454 3617 593 3683 bonorem
618 3620 685 3684 t'eeti
711 3622 799 3703 bujns
824 3620 882 3682 diei
905 3621 943 3684 sit
969 3630 1126 3698 statutum,
1152 3624 1270 3682 dedaste
1292 3621 1371 3681 adto

45 3722 49 3731 ’
161 3730 261 3772 menae
277 3714 391 3769 Domini
407 3729 493 3788 asqna
507 3715 538 3770 in
554 3711 703 3771 secandam
719 3711 830 3772 sabbati
844 3717 874 3772 ia
889 3712 1075 3786 parobalam
1095 3719 1152 3782 sot,
1181 3714 1243 3788 ipso
1259 3713 1370 3788 qaotri-
1428 3786 1431 3789 ι

161 3799 234 3870 duo,
257 3796 420 3877 procedendi
435 3802 506 3858 inter
532 3800 707 3866 blaiatlanos
730 3808 779 3859 aat
803 3799 945 3860 cedebas
966 3800 1078 3879 popalia
1104 3817 1135 3858 sa
1157 3798 1216 3859 atto
1241 3797 1300 3856 loeo
1327 3796 1371 3857 ael

161 3906 322 3968 quaesoque
337 3888 480 3945 occasione
501 3890 609 3954 nanneni
624 3888 729 3949 licitrna
743 3906 800 3949 noa
815 3907 874 3947 esne
889 3887 991 3948 daero.
1025 3883 1110 3962 Quod
1134 3892 1162 3944 et
1187 3884 1371 3963 postmodum

161 3973 278 4055 repetiit
294 3968 451 4037 consiliam
467 3971 687 4035 Matisconense
702 3973 725 4038 1.
745 3993 809 4036 aaa.
826 3972 856 4039 9.
876 3975 1056 4049 decernens,
1072 3982 1104 4032 at
1119 3972 1236 4033 dabas
1252 3992 1270 4032 a
1286 3991 1371 4034 nonna

230 4229 263 4334 2
277 4229 338 4284 Vid.
360 4229 486 4314 Graculus
505 4234 615 4296 metrop.
633 4220 661 4295 3,
682 4231 724 4284 10.
745 4230 861 4285 Durand.
881 4227 985 4282 llstlou.
1006 4229 1034 4298 a,
1055 4229 1099 4284 72.

165 4394 169 4401 -
230 4298 411 4432 **i)⁰‹'2¹iiii.'
429 4299 640 4434 iiiitninsii'r,
659 4369 703 4421 aa.
722 4366 766 4421 aa.

229 4442 262 4506 †l
282 4437 311 4490 Iu
330 4452 423 4490 csuou.
444 4438 472 4491 t.
491 4439 523 4493 de
544 4451 661 4491 consecr.
681 4436 742 4489 dist.
764 4443 790 4491 t.

230 4507 286 4594 ff)
305 4504 370 4564 Con.
389 4509 432 4565 bb.
453 4508 560 4593 dqoou.
579 4521 634 4562 seo.
656 4504 717 4560 dist.
738 4511 763 4561 1.
