3192 5056
618 282 655 343 de
674 268 885 346 diedridlnur.
1299 280 1364 349 197

147 453 285 516 absentia
301 470 378 534 papa
392 452 517 538 imponit
532 452 685 516 iocensnin
700 474 780 518 more
799 458 956 532 consueto,
973 453 1077 517 deinde
1094 454 1236 519 diaconus
1261 458 1374 539 cardi-¹

147 538 227 603 nelis
244 552 364 621 paratus
381 542 475 604 sacris
492 541 634 620 vestibus,
651 542 758 605 librum
774 553 876 606 teneus
892 554 959 607 anto
976 557 1090 623 pectus,
1102 553 1184 607 stans
1201 553 1268 607 ante
1283 569 1361 628 pon-

148 628 254 691 tificem
272 630 384 691 detecto
404 639 432 691 et
445 627 587 693 inclinato
605 630 714 710 capite,
728 632 798 712 petit
814 631 1055 707 benedictionem,
1072 630 1191 694 dicens:
1205 635 1289 715 jube,
1305 637 1361 697 do-

147 717 237 795 mine,
255 717 441 778 benedicere.
462 717 576 780 Deinde
592 718 670 779 radit
687 720 725 779 nd
740 719 894 800 pulpitum,
911 727 979 800 post
994 721 1071 800 qnod
1089 729 1146 781 stat
1162 721 1360 786 subdiaconus
1480 782 1482 787 .

68 820 74 826 “
147 803 330 885 apostolicus
346 804 486 867 tunicella
503 815 530 867 et
546 804 612 869 nlii's
628 808 806 887 paramentis
822 807 952 884 indutus,
969 817 1074 869 tenens
1089 806 1194 869 librum
1213 830 1292 871 more
1307 832 1360 873 so-

118 912 122 919 *
144 893 208 953 lito.
242 891 281 952 Et
295 891 438 954 diaconus
459 892 546 954 dicit:
568 892 713 959 Dominus
738 895 907 971 nobiseum,
928 895 1046 974 signat,
1069 894 1204 957 incensat
1219 908 1247 958 et
1263 908 1361 961 cantat

145 977 343 1058 euangelium.
375 980 442 1057 Quo
459 978 540 1051 linito
561 980 732 1043 ceroierrrrii
751 993 934 1046 revertuntur
957 985 995 1044 sd
1017 982 1195 1045 credentiam
1212 994 1240 1046 et
1258 983 1361 1048 clerici

147 1067 281 1147 capellae
296 1077 431 1129 amovent
445 1067 598 1147 pulpitum.
632 1068 841 1131 Subdiaccnus
859 1079 955 1132 autem
971 1078 1067 1151 portat
1085 1069 1192 1132 librum
1218 1070 1360 1134 osculan-

147 1157 216 1216 dum
236 1153 373 1235 pontifici,
402 1162 431 1216 et
456 1155 617 1232 diaconus,
639 1156 693 1236 qui
714 1157 898 1236 euangelium
916 1157 998 1233 dixit,
1023 1157 1075 1219 illo
1092 1156 1173 1219 finito
1190 1180 1294 1239 papam
1310 1161 1360 1222 in·
1417 1210 1434 1229 ,

147 1251 265 1318 censam
281 1252 417 1304 cantores
435 1253 552 1305 casnm
568 1245 735 1307 mandatum
750 1266 867 1309 uorum.
888 1246 970 1325 Papa
986 1245 1180 1325 tuccsurgit,
1198 1246 1361 1309 extrahitur

147 1329 176 1391 ci
191 1326 322 1410 pluviale
340 1342 368 1391 et
382 1339 515 1411 portatur
531 1331 730 1411 exeredentia
743 1332 863 1394 linteum
880 1354 933 1415 per
948 1331 1109 1395 auditorem
1127 1333 1283 1412 seniorem,
1300 1335 1359 1397 mi-

123 1413 219 1478 'nore
244 1417 377 1481 auditore
401 1417 496 1498 ipsum
525 1420 737 1498 praecellente,
763 1442 821 1501 quo
839 1441 916 1502 papa
931 1441 983 1500 per
1001 1418 1167 1484 cardinales
1184 1423 1360 1485 assistentes

147 1504 350 1586 praecingitur
371 1515 400 1565 et
416 1503 600 1584 praecinctus
618 1507 769 1569 descendit
785 1518 813 1568 et
829 1528 910 1587 genu
924 1508 1020 1569 flexus
1039 1528 1105 1569 cum
1131 1507 1216 1570 mitra
1232 1500 1359 1586 simplici

148 1601 216 1665 nrrte
232 1593 357 1672 primum
373 1612 542 1673 pauperem,
559 1592 767 1656 assistentibus
783 1595 841 1656 sibi
858 1598 974 1657 duobus
993 1594 1128 1656 diaconis
1145 1595 1357 1674 cardinalibus,

146 1679 228 1743 larat‘
240 1680 269 1742 ei
287 1683 389 1760 peden
407 1682 551 1756 destrunt,
569 1701 655 1762 quem
671 1682 873 1760 subdiaconus
893 1680 1034 1745 tunicella
1057 1683 1178 1743 indutus
1203 1704 1222 1744 a
1245 1676 1358 1747 deutris
1451 1690 1462 1749 J
1512 1738 1515 1747 ,

146 1787 338 1849 papengecu
353 1767 454 1829 flexus
467 1775 555 1829 tecet.
576 1768 656 1830 Unus
674 1790 711 1830 en
721 1769 912 1833 cubiculariis
929 1771 1011 1846 (cam
1029 1768 1223 1851 perordinem
1239 1771 1359 1834 veniunt
1414 1829 1417 1833 .

147 1875 225 1917 nnus
241 1862 308 1936 post
322 1853 414 1917 alium
432 1866 497 1916 curn
514 1855 591 1936 pelvi
608 1863 636 1916 et
657 1858 746 1941 aque)
773 1859 810 1919 sd
828 1857 974 1921 sinistram
993 1878 1086 1938 papae
1113 1859 1289 1947 gaucilenus
1312 1859 1358 1921 si-
1424 1872 1428 1877 ’

146 1944 240 2005 sistra
254 1962 310 2004 surr
327 1962 380 2006 res
396 1952 474 2009 tenet
490 1954 519 2004 et
534 1945 636 2004 dextra
653 1963 690 2004 ex
706 1944 898 2025 aquiminsrio
916 1962 1021 2027 nquam
1032 1946 1156 2026 tepidam
1171 1946 1292 2021 miscet'3
1310 1946 1359 2008 lo·

25 2038 30 2043 ’
146 2040 207 2092 tuns
229 2032 330 2111 perlem
356 2046 433 2112 papa
456 2031 554 2092 statim
580 2030 692 2092 mantili
710 2032 806 2112 tergit,
825 2034 985 2097 osculatur.
1017 2033 1235 2096 Thesaurarius
1260 2034 1304 2098 rel
1326 2034 1358 2099 is

147 2119 212 2201 ejus
228 2117 365 2180 absentie
380 2138 457 2180 nnus
474 2117 636 2180 exclesicis
651 2139 786 2183 camerae
803 2129 881 2183 tenet
897 2121 1001 2203 pelvim
1018 2140 1084 2182 cum
1102 2121 1234 2202 pecuniis
1246 2120 1359 2184 elalius

90 2200 94 2205 ’
146 2228 186 2269 ex
201 2204 320 2271 clericis
336 2225 389 2268 ras
405 2226 471 2267 cnm
490 2205 654 2287 mappulis,
677 2216 706 2268 et
730 2228 795 2269 eum
821 2229 898 2288 papa
919 2209 1071 2270 osculatus
1095 2219 1141 2271 est
1164 2211 1285 2289 pedem,
1309 2211 1360 2272 dat

146 2293 244 2356 lnsste
260 2294 437 2374 mappulum,
456 2312 517 2374 qne
532 2293 598 2359 eoru
613 2294 746 2367 extersit,
764 2302 793 2357 et
807 2315 929 2357 aureum
945 2294 1091 2375 duplicem
1114 2296 1159 2357 rel
1184 2299 1260 2357 duos
1284 2296 1359 2359 sim-

148 2381 251 2462 plices,
266 2390 395 2443 cumtct
405 2381 569 2459 argenteis,
597 2382 676 2443 ldem
693 2382 764 2444 iacit
780 2384 950 2445 successive
966 2381 1094 2463 singulis
1112 2392 1141 2444 et
1158 2403 1211 2463 pro
1229 2383 1359 2464 singolis

98 2510 105 2519 -
146 2474 369 2550 portentur-per
384 2467 458 2533 alios
473 2465 677 2531 cubicularios
691 2469 812 2542 cincun
826 2488 909 2534 unsa.
939 2469 1023 2532 Lotis
1045 2470 1181 2532 omnibus
1205 2489 1282 2551 papa
1306 2491 1359 2533 re-

145 2555 269 2619 vertitur
283 2557 321 2617 nd
335 2558 437 2618 sedem
452 2576 536 2617 suam
554 2558 693 2638 sedetque
710 2568 738 2619 et
754 2557 830 2619 lauat
845 2576 950 2619 manns
965 2577 1036 2619 suas
1054 2568 1118 2632 etc,
1134 2557 1220 2619 sicuti
1236 2559 1359 2620 babetur

16 2680 18 2735 ?
49 2646 52 2649 ’
145 2643 460 2709 tirasonensem.
479 2642 633 2705 ecclesiae.
665 2644 722 2705 His
745 2645 870 2725 peractis
888 2644 1070 2719 cardinales,
1097 2644 1254 2725 episcopus
1271 2656 1359 2725 atquc

145 2730 230 2795 otios
245 2730 380 2793 ccurlrio
405 2731 514 2812 euoipb
538 2750 616 2812 papst
638 2733 772 2812 adeoque
793 2731 948 2810 magnifice
976 2740 1098 2810 tractet,
1117 2743 1230 2794 utrum
1249 2732 1358 2815 priscis

144 2817 405 2881 illiectbuiecrnm
421 2817 636 2899 pontificalibus
652 2818 905 2905 auguralibusque
922 2820 1044 2901 epulis,
1056 2823 1093 2883 de
1109 2820 1218 2903 quibus
1234 2820 1359 2883 Macro·
1460 2852 1464 2859 ·

146 2905 217 2973 bins
229 2905 350 2969 Serme.
370 2904 402 2983 3,
420 2906 846 2988 13.‚uedroeempnmndom
864 2926 932 2970 esse
948 2908 1089 2970 ridentur.
1114 2943 1153 2955 -
1173 2907 1202 2990 q.
1225 2908 1277 2970 32.
1296 2910 1359 2972 Nec

147 2992 359 3075 minoredigui
374 3004 445 3057 snrrt
461 3012 598 3070 censura,
614 2994 665 3075 qui
682 2996 752 3056 buio
766 2991 870 3056 lotioui
886 2996 1017 3061 meritum
1030 2998 1176 3078 quoddam
1188 2996 1358 3063 adscribere

147 3085 344 3147 ent-enodem
368 3102 424 3163 pro
438 3089 623 3144 minuente
646 3082 762 3162 proprie
778 3082 915 3145 sic-dicto
932 3083 1119 3166 venditare*)
1143 3093 1194 3146 aut
1218 3083 1295 3146 alins
1321 3104 1359 3149 err

148 3167 358 3251 snpemtidone
373 3171 498 3251 quadem
515 3169 545 3231 id
562 3167 650 3231 elicii
667 3169 806 3250 prosequi
830 3190 889 3231 non
908 3180 1053 3235 verentur.
1073 3203 1111 3216 -
1128 3170 1156 3253 ξ.
1170 3172 1222 3234 33,
1237 3171 1315 3232 Sunt
1331 3182 1360 3234 et
1475 3212 1480 3221 ,
1504 3208 1511 3227 .

147 3258 361 3339 iudicumque
379 3259 435 3318 boc
453 3256 500 3319 dic
517 3256 820 3334 eneruestl'ontifieii,
836 3259 903 3319 dunt
918 3266 1008 3319 noctu
1023 3259 1053 3318 in
1072 3258 1186 3337 templis
1203 3257 1359 3322 horrificus

148 3346 296 3409 encitttcr-
316 3343 468 3424 tumultus,
497 3344 547 3425 qul
571 3344 668 3406 budae
688 3347 842 3407 adrentum
868 3353 896 3407 ct
919 3344 1048 3407 cohortis
1073 3345 1242 3425 strepitum,
1270 3365 1360 3427 quem

148 3454 213 3501 cum
240 3428 351 3512 gladiis
374 3442 402 3494 et
426 3431 555 3494 fustibus
576 3433 669 3495 ludes
694 3435 732 3495 ad
756 3433 929 3513 capiendum
951 3432 1101 3496 Gbristum
1125 3442 1213 3495 noctu
1228 3435 1359 3523 addunit,

146 3532 371 3604 repraesentare
395 3521 482 3581 debet
491 3516 545 3597 **).
585 3520 653 3599 Quo
675 3521 742 3600 ipsc
764 3520 940 3583 ludaeorum
964 3518 1064 3582 ludum
1087 3521 1256 3595 innitantur,
1281 3524 1360 3604 apud

92 3606 96 3613 ’
147 3629 225 3691 ques
239 3628 340 3671 mense
357 3608 437 3670 ddcr
458 3604 572 3686 legitur
586 3606 710 3671 bistoria
731 3609 884 3685 listhene,
908 3607 939 3668 in
963 3627 1022 3690 qua
1044 3609 1171 3672 Humani
1190 3611 1306 3691 quoties
1329 3609 1361 3672 lit

148 3694 258 3758 mentio
281 3695 313 3755 in
340 3695 507 3775 synagogis
526 3695 637 3776 puqnis
662 3706 692 3758 ct
714 3692 965 3776 malleisputsant
978 3716 1109 3760 scamna.
1141 3696 1361 3761 Pontificicrunr

147 3784 251 3847 ludum
268 3782 327 3846 'lla
345 3783 514 3863 Naugerus.
535 3782 650 3865 (Regni
667 3780 740 3866 Pap.
756 3778 810 3849 lits
826 3782 872 3863 4.)
888 3784 1028 3849 describit
1042 3785 1101 3848 ite:

351 3917 479 3971 Noctibus
495 3919 557 3970 inde
577 3921 663 3971 ariter
679 3914 807 3972 meternes
824 3922 861 3971 ud
879 3922 981 3973 cantica
1000 3933 1123 3990 snrgunt,

352 3989 490 4040 Malleolir
506 3990 597 4040 ruentis
613 3991 718 4041 remise
736 3999 783 4040 ant
801 3990 917 4056 farndun
934 4008 1028 4047 omnes.
1129 4058 1134 4063 Ι

322 4084 325 4095 ·
355 4059 447 4108 Ornniu
464 4059 512 4108 ott
524 4059 656 4123 paulatim
671 4061 805 4124 sutram
824 4061 922 4110 lustina
940 4069 1034 4125 custos,

352 4124 520 4196 eminetque
535 4128 619 4181 amm
635 4145 716 4181 rouro
733 4130 766 4181 dr
782 4137 894 4195 garten
912 4130 1035 4194 rimant,

219 4351 330 4422 *)Vid.
355 4354 474 4407 ambros.
494 4352 527 4406 de
548 4367 660 4404 sacram.
681 4353 726 4404 ubi
744 4361 879 4421 memoret,
909 4353 977 4422 quod
996 4353 1022 4406 in
1043 4353 1156 4408 ecclesis
1173 4350 1361 4407 Mediolanensi

150 4423 215 4476 letio*
231 4422 325 4490 pedum
340 4430 388 4490 pre
406 4429 571 4476 recremento
590 4422 670 4475 fuerit
686 4422 785 4475 bnbite.

219 4490 267 4560 **)
283 4493 401 4547 Dnrmd.
418 4491 478 4547 ilat.
497 4493 525 4559 6,
543 4497 588 4550 71.
