3150 5066
229 306 274 377 rs
541 400 551 407 ι
653 357 661 365 .
714 305 942 373 aurnuns

233 480 374 547 Christus
389 481 566 557 honoretur,
592 502 678 562 quen
695 481 832 563 virginali
860 490 943 543 utero
966 481 1100 543 clanrnur
1116 477 1264 540 tranum
1279 474 1407 557 baptista
1423 476 1457 538 iu

233 579 318 632 utero
343 568 456 651 positus
481 567 553 629 miro
578 567 654 631 saltu
671 568 846 632 hcrerenire
871 569 928 630 hoc
952 567 1000 630 die
1021 566 1118 647 jussit.
1148 564 1248 627 Altera
1269 562 1345 625 ratio
1363 562 1457 647 hujus

232 656 300 719 festi
318 668 375 736 est,
391 668 424 718 nt
440 653 619 717 Christianis
636 654 799 738 explicetur
815 655 932 735 insigne
950 655 1095 715 erraticum
1111 652 1244 729 Mariae,
1261 653 1338 732 quod
1356 651 1457 715 eccle-

232 743 279 808 sia
294 764 411 825 semper
428 742 547 805 maximi
563 743 635 805 fecit
648 753 676 805 et
693 743 724 804 in
740 743 835 806 sacris
851 743 913 804 fere
931 742 1066 803 omnihus
1080 738 1239 821 usurparit.

320 832 479 893 festum
504 830 613 892 Petri
641 840 678 892 et
701 829 827 892 Pauli.
860 830 981 891 Festum
998 828 1078 891 Petri
1095 839 1123 889 et
1139 826 1225 889 Pauli
1241 845 1300 887 non
1318 835 1366 888 esr
1380 828 1454 890 adeo

233 937 348 994 reeens,
366 938 432 979 curn
450 917 515 997 ejus
531 917 591 998 jam
607 938 662 979 suo
678 939 751 980 acro
770 916 942 980 Ambrosius
959 936 1047 979 serm.
1065 915 1096 977 6.
1113 912 1292 991 meminerit,
1318 915 1388 977 duur
1404 936 1455 977 re-

232 1004 298 1081 fert,
316 1006 418 1066 endem
437 1004 485 1066 die
503 1024 521 1066 a
538 1004 714 1067 Christianis
739 1003 873 1067 solennia
890 1003 1024 1066 conriria
1038 1000 1181 1065 instituta.
1214 999 1293 1079 Quin
1318 1010 1347 1062 et
1362 1001 1454 1065 Nice-

175 1106 185 1121 ·
232 1092 344 1173 phoras
360 1091 390 1153 h.
408 1111 434 1154 e.
451 1088 482 1168 6,
501 1093 553 1154 35.
569 1104 671 1154 auctor
687 1103 742 1169 est,
758 1094 834 1172 apud
849 1091 989 1168 Graecos,
1007 1087 1177 1171 praesertin
1189 1087 1453 1169 Constantinopoli,

231 1179 339 1241 festum
357 1179 435 1240 hunc
454 1177 530 1240 diem
547 1178 702 1243 eclehrari.
731 1180 791 1245 lmo
807 1178 1044 1244 adhucliennae
1060 1175 1223 1239 industria
1241 1178 1342 1237 eoderu
1358 1176 1407 1239 dic
1425 1177 1454 1237 in

233 1267 373 1333 honorem
391 1265 470 1329 Petri
489 1277 517 1329 et
531 1267 617 1329 Pauli
637 1267 812 1330 naumachia
827 1266 889 1335 sire
906 1286 1007 1346 pugna
1024 1262 1138 1327 navalis
1155 1263 1254 1343 agitur
1269 1262 1300 1322 iu
1316 1263 1455 1327 llannhio

224 1353 380 1435 ‚simulque
396 1363 550 1416 senatores
566 1364 594 1416 ct
610 1354 746 1423 eonsules
762 1354 963 1417 conrivantur.
991 1353 1132 1431 Quod‘ad
1145 1350 1232 1413 uitam
1248 1350 1328 1412 Petri
1344 1351 1455 1429 attinet,

235 1463 273 1504 cx
288 1441 326 1504 N.
346 1442 385 1503 Τ.
412 1461 563 1525 magnam·
575 1452 685 1522 partem
709 1441 761 1502 illa
786 1449 909 1504 constat.
943 1439 1014 1502 Fuit
1030 1440 1136 1501 Petrus
1162 1438 1238 1500 inter
1255 1437 1412 1518 Apostolos
1429 1450 1458 1501 et

234 1533 330 1590 aetate
348 1535 376 1587 et
394 1527 494 1589 ordine
510 1527 640 1607 prinus,
663 1527 732 1588 clim
750 1526 846 1589 dictus
865 1527 986 1605 Simon,
1011 1528 1062 1588 sed
1081 1547 1146 1587 cum
1163 1522 1313 1606 apostolus
1328 1524 1421 1603 lieret,
1438 1546 1459 1588 n

234 1613 361 1691 Christo,
373 1613 422 1694 qui
440 1613 522 1676 solus
540 1624 585 1676 est
601 1612 747 1677 ecelesiae
764 1625 855 1695 petra,
869 1636 973 1677 nornen
990 1613 1069 1675 Petri
1084 1612 1209 1693 aceepit.
1223 1613 1329 1674 Matth.
1341 1610 1393 1690 lli,
1406 1616 1457 1675 18.

234 1700 351 1764 Dicitur
365 1699 456 1780 uulgo
475 1698 609 1781 claviger
635 1701 720 1779 coeli,
744 1704 821 1782 quad
841 1702 976 1764 Christus
1002 1699 1045 1761 illi
1071 1700 1102 1761 in
1125 1698 1224 1781 specie
1247 1698 1344 1762 clares
1365 1700 1457 1779 regni

235 1786 383 1851 coelorum
402 1787 561 1850 tradiderit.
594 1788 728 1851 Graviter
743 1798 840 1851 autern
856 1788 960 1870 lapsus
977 1797 1037 1864 est,
1056 1791 1124 1849 duur
1149 1797 1194 1849 ter
1209 1786 1305 1849 Deum
1327 1785 1457 1867 negarit,
1565 1828 1566 1867 ,

235 1896 321 1957 quem
337 1874 451 1954 lapsum
468 1883 526 1937 tam
544 1877 650 1937 acerbe
677 1874 769 1938 fertur
793 1875 981 1956 deplorasse,
1006 1885 1039 1937 ut
1061 1896 1155 1956 genas
1180 1875 1295 1936 taudem
1317 1871 1458 1954 lacrymis
1565 1872 1566 1899 ³

237 1963 388 2027 excusarit
405 1972 433 2025 et
452 1962 642 2042 strophiolurn
665 1965 702 2025 ad
719 1966 932 2044 ahstergendas
956 1963 1102 2044 lacrymas
1117 1981 1266 2042 uunquam
1283 1983 1300 2023 e
1317 1960 1458 2027 sicunde·
1565 1982 1566 2031 ξ

226 2049 377 2133 ,posuerit
408 2049 441 2111 lu
460 2050 611 2114 miraculis
629 2062 686 2113 tarn
710 2061 833 2131 potens,
856 2059 889 2111 nt
905 2049 951 2112 rel
969 2052 1071 2117 umbra
1089 2051 1154 2130 ejus
1172 2061 1310 2129 aegrotos
1325 2068 1457 2112 sanum-

236 2138 282 2215 rit,
301 2140 379 2219 qnod
403 2137 507 2201 nullibi
532 2143 568 2201 de
592 2138 656 2218 ipso
673 2138 790 2201 Christo
813 2135 932 2216 legitur.
955 2138 1020 2198 Act.
1037 2133 1068 2213 5,
1090 2138 1137 2196 15.
1170 2136 1313 2213 Caetera,
1336 2156 1401 2197 rum
1417 2158 1457 2198 ex

235 2225 330 2287 sacris
345 2224 439 2284 literis
456 2225 529 2285 satis
544 2235 615 2285 nota
631 2224 699 2300 siut,
716 2223 917 2303 praeterimus.
945 2223 975 2284 ln
993 2221 1061 2285 hist.
1080 2222 1152 2285 cccl.
1168 2224 1204 2285 de
1217 2224 1304 2285 Petro
1320 2224 1456 2300 traditur,

235 2312 312 2391 qnod
334 2307 505 2371 Antiochiae
529 2309 661 2389 [primum
694 2309 826 2371 docuerit
858 2308 956 2391 iiiique
984 2309 1138 2372 ceclesirun
1164 2309 1339 2375 fundaverit.
1375 2310 1458 2374 flius

235 2399 331 2479 quoad
352 2396 536 2459 fundatorem
569 2395 696 2459 ccclesia
719 2398 855 2461 Romana
881 2418 940 2459 non
964 2396 1069 2475 hahet,
1101 2399 1177 2476 quod
1200 2398 1398 2461 Antisthenae
1419 2419 1457 2460 se

234 2485 392 2567 praeferat.
424 2484 561 2548 Fundata
577 2482 749 2547 Antiochiae
768 2484 896 2548 ecclesia
912 2486 1036 2547 Romam
1052 2483 1125 2546 ahiit
1141 2485 1292 2566 eidemque
1309 2483 1456 2550 ecclesiae
1565 2544 1566 2555 ,

235 2572 374 2655 praefuit.
407 2572 542 2636 Fuerunt
557 2573 674 2656 quidem
689 2573 834 2653 superiori
856 2571 956 2637 seculo
975 2595 1012 2636 ex
1029 2571 1137 2637 nostris
1161 2571 1314 2651 nonnulli,
1332 2572 1382 2654 qui
1398 2592 1458 2634 ne·
1565 2568 1566 2635 i

236 2668 354 2741 garant,
370 2661 483 2722 Romae
499 2662 594 2722 fuisse
609 2662 738 2723 Petrum.
770 2663 829 2724 Sed
848 2660 919 2742 quia
940 2682 992 2740 per
1018 2659 1115 2722 omnia
1140 2658 1241 2722 secula
1265 2669 1380 2744 ueteres
1395 2679 1458 2721 un-

229 2745 370 2829 animiter
386 2745 460 2806 fassi
478 2756 562 2820 sunt,
579 2747 696 2813 Petrum
713 2748 826 2815 Romae
843 2748 955 2822 fuisse,
971 2747 1054 2808 salua
1069 2747 1125 2807 fide
1143 2746 1283 2808 historica
1299 2746 1328 2807 id
1345 2747 1378 2808 in
1395 2748 1456 2806 du·
1565 2746 1566 2791 ἒ

56 2850 61 2857 ·
126 2852 130 2860 ·
236 2831 316 2895 bium
334 2829 431 2891 vocari
448 2850 507 2897 ,nou
525 2851 612 2909 posse
632 2831 754 2892 ridetur.
782 2836 964 2909 Argumenta
988 2834 1129 2892 adversae
1155 2832 1247 2910 partis
1271 2832 1384 2894 erudite
1401 2853 1457 2897 re:-
1565 2846 1566 2853 ’

236 2916 324 2977 solvit
345 2914 495 2994 Horuejus
520 2916 549 2975 in
576 2935 669 2993 comp,
695 2916 763 2979 hist.
781 2916 854 2977 eccl.
887 2916 918 2975 ld
945 2935 1013 2975 vero
1037 2914 1180 2977 incertum
1204 2927 1265 2990 est,
1291 2937 1328 2976 an
1347 2917 1459 2980 Petrus

235 2998 347 3067 Rornae
367 3000 396 3060 iu
414 3001 551 3062 cathedra
566 2999 677 3079 viginta
693 3000 822 3080 quinque
838 3021 933 3062 cunnos
949 3000 1119 3076 continuos,
1138 3002 1215 3081 quod
1232 3000 1332 3062 uolunt
1347 3001 1459 3077 Ponti-2

235 3087 313 3165 licii,
332 3085 456 3162 sederit,
474 3090 511 3148 ad
529 3108 616 3168 quum
632 3098 755 3150 aetatem
772 3089 802 3149 in
822 3090 906 3149 'hunc
932 3108 1025 3168 usque
1040 3079 1128 3149 dirui
1151 3085 1251 3150 u'ullns
1269 3087 1406 3151 Pontifex
1422 3087 1457 3169 in

235 3173 314 3239 Petri
332 3175 469 3236 cathedra
486 3177 590 3237 sedere
607 3174 711 3255 potnit.
744 3177 831 3254 Quod
852 3179 888 3238 ad
905 3175 1079 3257 martyrium
1092 3173 1173 3257 Petri
1191 3175 1311 3253 attinet,
1333 3176 1457 3241 suerunt
1540 3191 1542 3197 '

235 3261 304 3327 huic
321 3259 456 3342 apostolo
473 3263 564 3324 multa
580 3262 740 3337 certamina¹
755 3285 821 3326 cum
841 3264 961 3327 Simone
978 3283 1082 3342 mago,
1102 3263 1150 3324 cui
1166 3260 1311 3340 Romani,
1334 3274 1368 3325 ut
1384 3263 1453 3344 qui·
1562 3266 1566 3277 ⁴

236 3353 302 3413 dam
319 3351 428 3427 volunt,
444 3360 568 3413 statuam
586 3362 740 3414 erexerant
754 3373 818 3413 oum
835 3353 891 3413 hac
904 3349 1111 3430 inscriptione:
1130 3350 1242 3413 Simoni
1255 3351 1365 3413 Sancto
1378 3352 1454 3414 Deo.

195 3474 202 3482 -
235 3438 294 3503 Hic
311 3437 452 3517 impostor
470 3437 630 3519 aliquando
647 3439 749 3500 turrim
765 3439 897 3501 ascendit
915 3447 943 3500 et
965 3437 1050 3499 lauro
1066 3437 1237 3515 redimitus,
1261 3448 1293 3499 ut
1307 3440 1403 3501 Deum
1420 3459 1453 3501 sc

237 3527 410 3602 ostenderet,
427 3523 458 3585 in
476 3525 588 3588 eoelum
606 3524 762 3590 subvolare
781 3526 915 3597 instituit.
948 3525 1007 3587 Sed
1026 3523 1163 3604 precihus
1179 3525 1377 3605 apostolorum
1392 3526 1453 3589 Pe·
1496 3538 1506 3549 ‘

237 3612 272 3675 tri
291 3622 319 3676 et
334 3612 419 3677 Pauli
445 3612 583 3693 delapsus
609 3613 745 3677 memhris
768 3614 903 3680 omnihus
927 3612 1028 3675 fractis
1052 3611 1157 3677 misere
1181 3612 1285 3692 periit,
1311 3622 1343 3673 nt
1365 3612 1455 3675 refert

228 3699 366 3785 ¹Cyrillu's
384 3698 504 3763 (latccli.
521 3701 650 3782 Mystag.
667 3703 697 3763 a.
724 3703 802 3764 Nero
821 3712 911 3764 morte
925 3700 1055 3763 Simonis
1072 3699 1203 3763 offensus
1219 3699 1368 3780 apostolos
1384 3721 1454 3779 pcr—
1482 3732 1492 3741 κ

236 3782 356 3853 secutus
375 3786 427 3866 e'st,
445 3787 568 3850 Paulum
586 3788 615 3849 in
633 3786 753 3851 rirrcula
769 3788 904 3869 conjecit,
921 3791 972 3849 scd
989 3788 1095 3849 Petrus
1112 3797 1218 3867 rogatu
1235 3786 1363 3848 fidelium
1381 3786 1455 3866 fuga

136 3917 138 3923 ψ
237 3876 294 3935 sihi
312 3876 466 3939 consuluit.
502 3876 579 3936 Dum
595 3875 625 3936 iu
642 3876 716 3955 fuga
734 3886 792 3952 cst,
817 3885 940 3959 apparet
954 3872 997 3934 illi
1017 3874 1177 3952 Dominus,
1203 3873 1252 3955 qui
1270 3874 1421 3954 quaesitus
1437 3894 1456 3934 a

229 3954 324 4041 'Petro
341 3983 477 4042 quorsum
495 3965 633 4039 tenderet,
651 3963 818 4042 respondit:
836 3971 894 4041 Epo
906 3969 1027 4023 Romaiu
1044 3984 1136 4042 perpe,
1147 3973 1178 4022 ut
1192 3964 1280 4025 denuo
1298 3959 1455 4039 ruadhari.

237 4045 316 4106 Tum
334 4069 403 4109 vcro
422 4050 527 4124 Petrus
545 4053 580 4112 dc
596 4072 651 4112 suo
670 4051 805 4131 rnnrtyrio
824 4051 879 4112 hoc
904 4042 1010 4111 dictu'm
1028 4049 1181 4128 exposuit,
1199 4047 1230 4108 in
1250 4050 1349 4110 urhem
1370 4047 1456 4108 rediit

238 4137 267 4192 ct
291 4134 392 4194 eodem
415 4134 479 4211 die,
503 4159 561 4217 quo
577 4136 690 4201 Paulus
714 4137 875 4203 decollatus
899 4146 960 4213 cst,
985 4135 1111 4198 inversis
1138 4135 1168 4194 in
1191 4135 1305 4196 coelum
1321 4133 1455 4214 uestigiis

235 4216 292 4279 luit
309 4218 477 4281 crucifixus.
509 4222 592 4285 Haec
610 4223 762 4286 crucifixio
780 4224 860 4286 Petri
876 4230 904 4284 et
921 4221 1077 4285 decollatio
1094 4221 1146 4282 illa
1162 4221 1247 4281 Pauli
1268 4220 1336 4283 olim
1354 4220 1385 4281 in
1401 4242 1454 4283 eo·

238 4302 329 4369 olesia
345 4308 399 4368 suh
417 4303 504 4367 finem
520 4311 629 4372 mensis
641 4310 718 4393 junii
733 4312 851 4390 publice
868 4308 924 4371 fuit
938 4316 1174 4377 commemorata.
1205 4307 1277 4369 Cum
1294 4328 1363 4371 vero
1379 4329 1454 4370 con·
1554 4294 1558 4315 ‘

237 4406 344 4475 gruum
361 4414 419 4454 nnn
437 4391 600 4469 rideretur,
617 4404 649 4456 ut
664 4396 814 4476 utriusque
831 4396 958 4477 apostoli
981 4393 1121 4461 memoria
1144 4413 1203 4465 uno
1227 4396 1388 4474 eodemque
1406 4395 1453 4457 die
1565 4460 1566 4463 ,

203 4532 207 4544 .
230 4474 385 4569 ‘ageretun
403 4477 570 4565 Gregorius
585 4479 630 4545 Μ.
647 4482 811 4551 instituisse
827 4483 937 4567 fertur,
952 4491 985 4548 ut
998 4480 1139 4554 memoria
1160 4481 1241 4549 Petri
1264 4482 1312 4547 die
1328 4476 1453 4563 praece·
