3202 5062
385 324 422 388 de
436 319 566 419 publicis
582 331 712 389 retorem
733 268 971 387 Christianorum
992 320 1144 406 wecilone.
1280 315 1282 323 '
1315 316 1381 387 ddi

166 502 241 565 lesu
264 518 285 562 e.
298 497 422 561 ruoauis
439 496 609 561 resuscitati
633 499 798 561 domesticum
820 492 1025 578 appellabant,
1064 517 1130 558 cum
1147 491 1382 560 Christianorum

167 598 255 651 coetu
272 595 433 649 correctus
449 604 553 648 sacros
574 584 741 647 hahuerunt
759 581 909 666 Apostoli,
941 595 974 646 ut
995 596 1116 666 apparet
1135 604 1172 646 ex
1185 584 1258 668 ,Act
1273 580 1327 658 20,
1348 583 1382 649 ⁷.

169 708 210 725 -
228 680 309 737 Diem
328 676 514 758 dominicam,
547 659 607 753 τὴν
622 663 774 757 κυριακῄὑ
798 665 931 752 ἡμέραν,
967 669 1074 734 diserte
1097 680 1236 733 meruerat
1252 671 1381 733 loannes

167 762 261 845 Apoc.
279 762 380 839 1‚-10.
418 762 519 842 ltaque
535 759 600 822 dies
623 758 696 822 solis
717 759 749 821 iu
772 754 870 821 locoru
895 756 953 822 dici
977 758 1110 842 septimi,
1141 758 1215 844 ipsis
1229 756 1381 843 Apostoli·

166 847 350 927 auctoribus,
372 849 556 911 successisse
576 844 702 921 elisur.
809 902 811 907 ,
1029 896 1042 911 ,
1371 844 1375 861 ⁵

256 935 331 998 Aliis
347 946 444 998 taruco
466 954 585 1017 quoque
601 934 705 997 diebus
720 935 758 995 ad
773 932 868 995 Decor
886 931 1013 996 sollenoi
1030 935 1091 996 ritu
1110 932 1290 996 adoraudum
1307 952 1382 996 cou-

167 1034 312 1088 veneruut
328 1020 476 1105 Apostoli,
508 1023 545 1084 de
564 1021 678 1104 quitus
694 1021 795 1083 Lucas
812 1020 977 1083 testatoris
995 1040 1100 1102 croug.
1116 1018 1178 1097 24,
1199 1020 1257 1097 53,
1275 1028 1303 1080 et
1320 1022 1383 1084 Art.

165 1111 222 1189 24,
238 1110 290 1189 ee,
307 1131 360 1174 cos
376 1109 498 1173 assidue
513 1109 544 1170 iu
567 1109 675 1192 templo
691 1118 825 1173 versutos
840 1107 952 1188 luisse,
966 1109 1062 1173 Deum
1077 1108 1232 1173 laudantes
1248 1129 1284 1171 ac
1302 1107 1384 1171 celo·

166 1201 299 1262 lrreutes.
1347 1196 1349 1207 '

192 1294 197 1315 ²
255 1282 477 1363 Horasetiam,
500 1303 576 1366 quas
593 1284 733 1366 precibus
749 1280 877 1365 publicis
898 1283 1120 1363 destinauerant
1135 1280 1240 1347 Judaei
1251 1278 1384 1360 ,=oloser2

166 1383 274 1438 varuut
288 1372 439 1454 Apostolic
477 1381 598 1454 apparet
619 1369 693 1433 illud
712 1391 750 1433 ex
768 1372 835 1433 Act.
855 1367 887 1448 2,
913 1371 963 1448 ro,
985 1369 1036 1432 ubi
1054 1369 1126 1433 lora
1141 1371 1226 1432 tertia
1242 1369 1386 1432 matutino

169 1462 232 1526 sive
250 1470 317 1523 arte
333 1459 483 1543 meridiem
495 1459 584 1521 'noua
599 1459 630 1520 iu
646 1457 753 1540 templo
776 1459 948 1538 cougregati
971 1458 1066 1521 luisse
1083 1456 1223 1538 leguntur
1238 1460 1275 1519 ad
1297 1477 1385 1521 serra

168 1544 382 1633 pentecostalia
412 1545 597 1610 celebranda.
640 1544 732 1608 Porro
761 1545 835 1607 lora
862 1565 942 1607 cona
973 1544 1037 1607 sire
1063 1542 1265 1627 pomeridiana
1288 1536 1384 1625 tortia,

169 1652 245 1725 quoe
266 1633 414 1716 precibus*
429 1645 491 1696 evat
513 1633 628 1711 dicate,
648 1631 788 1716 templum
811 1630 1060 1695 adieruntPetrus
1078 1640 1106 1694 et
1121 1632 1333 1713 loannesrlot.
1349 1626 1384 1719 3,

169 1726 200 1789 l.
236 1721 280 1784 Ad
296 1723 412 1784 modum
429 1721 606 1785 ludaeorum
622 1719 696 1783 lrore
712 1726 828 1802 quoque
846 1729 931 1782 sexta
946 1719 1009 1782 sive
1024 1720 1185 1783 meridiana
1203 1719 1385 1802 precantium

169 1826 240 1876 sese'
254 1808 458 1891 composuisse
480 1806 647 1890 Apostolos,
664 1810 749 1869 docet
765 1805 930 1888 exemplum
950 1806 1040 1885 Petri,
1059 1806 1118 1888 qui,
1135 1826 1200 1870 eum
1223 1807 1255 1868 iu
1277 1807 1384 1889 oppido

166 1900 260 1981 'Joppo
276 1906 453 1974 versaretur,
468 1895 542 1960 lora
563 1895 617 1958 illa
639 1894 778 1978 precibus
794 1895 909 1957 roravit
930 1897 994 1958 Act.
1017 1893 1068 1971 lo,
1084 1896 1123 1971 93
1148 1894 1246 1975 11,o.
1316 1896 1319 1907 '

205 1985 207 1988 ⁴
254 1984 347 2047 Extra
367 1985 456 2046 horas
471 1982 558 2062 illas,
584 1981 691 2064 quihus
706 2002 767 2044 una
789 2001 854 2044 curu
875 1979 995 2046 ludaeis
1012 1980 1172 2062 precationi
1190 2001 1225 2043 ac
1246 1964 1385 2044 laudibus
1482 1974 1492 1989 ⁸

169 2070 276 2134 divinis
296 2073 441 2134 vacabant
458 2080 487 2132 et
506 2072 544 2133 ab
566 2070 634 2132 eliis
655 2068 785 2151 repotiis
808 2086 875 2131 sese
898 2067 1106 2151 expediveraut
1121 2066 1274 2151 Apostoli,
1296 2068 1385 2130 iidem

143 2229 144 2232 Ἴ
168 2180 235 2222 curu
255 2157 375 2241 reliquis
392 2156 500 2221 Christi
518 2156 713 2220 'sectatoribus
732 2166 941 2233 convenerunt,
962 2148 1059 2218 lleuru
1075 2167 1103 2219 et
1119 2152 1257 2238 optimum
1273 2155 1385 2221 Serra-

167 2258 259 2310 torem
278 2244 309 2307 in
326 2243 428 2308 coelos
445 2245 594 2308 sublatum
616 2248 772 2307 adorantes
790 2245 856 2308 Act.
878 2243 907 2318 l,
926 2244 1065 2308 13-14.
1084 2242 1087 2245 ’
1372 2250 1380 2261 “

254 2333 293 2395 lit
322 2345 494 2416 postquam,
533 2343 619 2395 aucto
648 2332 881 2396 Christianorum
910 2336 1047 2407 numero,
1082 2329 1259 2392 constitutus
1288 2328 1386 2395 luerat

171 2430 272 2482 coetus
288 2416 590 2505 Hierosolymitaous‚
618 2419 741 2482 assidue
761 2427 987 2501 perseverarunt
1004 2417 1047 2479 illi
1065 2415 1097 2480 iu
1113 2417 1251 2498 precibus
1267 2414 1330 2479 Act.
1353 2414 1385 2495 2,

166 2510 227 2586 ⁴42,
251 2508 302 2571 irbi
325 2520 386 2569 nou
408 2505 614 2588 intelliguntur
628 2526 732 2589 preces
748 2507 896 2587 privatae,
928 2506 980 2567 sed
997 2504 1143 2586 publicae.
1187 2505 1291 2592 Neque
1308 2503 1386 2566 eninr

134 2600 141 2609 '
166 2594 269 2659 Lusus
286 2597 315 2659 lr.
331 2594 352 2659 l.
371 2595 468 2673 uadit,
487 2595 556 2676 quid
574 2592 687 2674 singuli
704 2592 839 2674 discipuli
856 2593 1001 2674 privatim,
1017 2595 1069 2655 scd
1088 2592 1161 2673 quid
1178 2598 1239 2653 tots
1256 2590 1387 2654 ecelesia

168 2686 199 2746 iu
224 2686 339 2745 coetum
355 2691 554 2764 congregrata
574 2680 661 2744 simul
683 2701 719 2744 ac
741 2679 838 2762 palam
860 2679 963 2742 lecerit
978 2677 1019 2765 *).
1059 2678 1105 2742 Cl.
1127 2689 1155 2741 et
1176 2678 1241 2743 Act.
1262 2677 1301 2757 4,
1333 2679 1386 2742 24.

166 2792 170 2801 ’
257 2780 1386 2888 §.30Deprccuru,quaeApostoloruruaetateiuChristi·

71 2937 77 2947 .
170 2912 332 2955 auorum
357 2891 546 2955 coetibus
585 2889 719 2955 iactae
746 2898 858 2967 suot,
896 2900 1143 2979 argumento,
1187 2897 1386 2969 quaterue

169 2974 272 3045 illud
297 2980 440 3041 decent
464 2968 1119 3059 exemplainrletisApostolorum
1136 2975 1387 3056 reperiunda.

171 3102 212 3116 -
232 3066 370 3155 Secundo
384 3063 451 3129 loeo
465 3067 526 3148 jam
542 3069 688 3145 agendum
710 3075 756 3128 cst
773 3067 811 3127 de
832 3085 960 3146 precum,
977 3083 1052 3146 quae
1066 3061 1276 3145 Apostolorum
1291 3071 1388 3137 octste

170 3157 201 3223 iu
225 3154 458 3219 Christianorum
487 3151 621 3223 coetibus
642 3154 740 3222 laetae
760 3162 846 3229 suot,
874 3163 1047 3230 orpoatoato.
1091 3150 1291 3231 Cognoscitur
1313 3151 1387 3215 illud

70 3322 76 3329 ,
131 3292 135 3309 ,
170 3241 276 3326 partim
299 3262 315 3304 e
335 3238 495 3310 rouuullis
508 3241 653 3321 exemplis
675 3242 706 3302 iu
727 3239 811 3303 Actis
834 3238 1041 3320 Apostolorum
1063 3239 1258 3320 reperiendis,
1280 3238 1388 3317 partire
1436 3257 1442 3270 ’

172 3328 341 3414 eualirpuot
369 3326 563 3411 epistolarum
580 3327 807 3413 apostolicarum
828 3325 923 3405 locis,
956 3327 1005 3407 qui
1029 3328 1067 3390 ad
1094 3345 1146 3389 eas
1163 3325 1313 3408 respicere
1339 3326 1387 3389 ui·

170 3418 286 3483 deutur.
865 3464 869 3471 ¹
1367 3468 1372 3475 .

257 3505 356 3567 Priore
382 3504 460 3585 quod
492 3502 606 3577 etttinet
631 3505 669 3564 ad
700 3501 834 3584 exempla
858 3501 907 3562 trio
928 3499 992 3565 illic
1015 3501 1046 3564 iu
1075 3500 1159 3567 Actis
1181 3501 1388 3583 Apostolorum

170 3590 276 3668 olevia,
316 3590 385 3672 quid
401 3590 490 3653 fuerit
510 3609 629 3671 presure
651 3589 787 3666 illarum,
819 3611 893 3672 quas
915 3588 1048 3671 Apostoli
1071 3588 1206 3661 uodociru
1229 3601 1258 3653 et
1280 3588 1388 3671 reliqui

171 3677 283 3741 Christi
300 3687 471 3755 sectatores,
495 3677 544 3761 qui
569 3699 584 3739 e
607 3687 704 3749 moute.
725 3678 843 3757 Oliveti,
866 3676 918 3747 ubi
937 3676 1100 3758 gloriosum
1123 3680 1195 3743 Jesvr
1211 3698 1249 3743 ex
1263 3676 1309 3740 leis
1325 3685 1388 3749 tor»

171 3765 214 3828 ris
231 3763 398 3826 discessum
417 3767 628 3846 adspexerant,
640 3766 872 3851 Hierosolymam
889 3768 1016 3828 reduces
1030 3766 1145 3828 fudisse
1159 3763 1318 3845 leguntur,
1334 3784 1387 3827 er·

171 3864 354 3935 gementum,
371 3872 430 3914 nou
445 3850 553 3919 diserte
571 3863 711 3917 meruerat
728 3854 828 3919 Lucas
848 3854 912 3917 Act.
932 3855 972 3933 l,
994 3856 1050 3930 14,
1068 3851 1387 3934 simplicitertradees,

173 3961 224 4005 eos
241 3961 343 4003 omues
359 3960 474 4005 summ
491 3936 654 4005 sciurorum
670 3960 817 4009 consessu
833 3941 953 4007 assidue
969 3936 1093 4005 lacesse
1108 3937 1150 4024 τῇ
1164 3937 1322 4025 προσευχῇ
1338 3939 1389 4013 apt

170 4020 356 4112 reiderioer,
382 4028 547 4109 posteriora
563 4029 638 4093 lrsec
653 4032 743 4093 rerba
763 4029 820 4094 sel
832 4026 873 4115 τῇ
890 4020 1010 4111 δεήσει,
1045 4048 1120 4110 quse
1140 4028 1169 4091 iu
1189 4027 1342 4097 codicibus
1359 4034 1389 4091 et

171 4115 359 4196 versionibus
375 4115 495 4199 aliquod
513 4119 630 4196 desunt,
647 4118 750 4200 spuria
768 4136 834 4193 csse
849 4112 986 4181 uoouulli
1002 4114 1184 4193 existimant,
1201 4118 1256 4183 sed
1272 4136 1388 4198 pause·

171 4224 236 4272 ruer
252 4200 369 4267 illorum
386 4204 520 4268 codicum
537 4205 698 4269 auctoritas
715 4226 775 4271 coo
798 4215 877 4287 laea
904 4224 971 4269 esse
990 4203 1122 4283 videtur,
1146 4214 1179 4269 ut
1200 4206 1291 4271 verbs
1313 4205 1389 4267 lace

173 4312 189 4354 e
217 4301 297 4354 textu
332 4292 393 4355 sint
424 4292 580 4377 ejiciendo.
624 4294 712 4373 Quod
736 4304 833 4357 autem
864 4292 967 4356 attinet
989 4293 1027 4356 ad
1061 4290 1210 4357 versiones
1240 4289 1386 4374 eutheos,

186 4432 400 4471 *tt-77·—
417 4460 420 4469 .

11 4572 13 4621 Ξ
86 4610 90 4629 ¹
196 4522 267 4617 *)
285 4527 361 4584 cori.
380 4528 561 4589 Liuiorolriu's
580 4532 613 4588 ad
631 4534 658 4587 tr.
678 4532 699 4587 l.
