3150 5066
237 302 282 368 aa
730 258 961 359 amararum

134 469 136 473 ¹
237 473 357 555 vigilios
380 470 574 534 foeminarum
600 467 631 528 in
655 466 838 529 coemeteriis
861 486 964 529 serere
989 461 1154 546 prohibuit,
1184 463 1263 542 qnod
1286 481 1377 541 saepe
1399 463 1462 523 suh

237 570 392 645 praetextu
417 555 557 619 erationis
591 552 706 618 occulta
740 554 855 616 scelera
885 551 1105 615 committerent.
1146 548 1225 627 Quin
1252 558 1280 610 et
1303 548 1333 608 io
1356 547 1463 611 codice

239 647 449 715 Theodosiana
465 655 609 705 nocturna
625 662 711 705 sacra
726 641 837 703 aboleri
852 642 1009 723 jubentur,
1032 637 1103 719 quin
1120 645 1148 700 ct
1163 635 1341 717 vigilantius
1357 645 1462 716 aperte

238 736 350 817 vigiliis
366 731 476 794 hellam
493 729 599 791 indixit
614 738 643 791 et
659 738 761 791 contra
777 731 894 790 easdem
911 728 1021 790 acriter
1037 726 1204 807 disputavit.
1236 726 1331 802 Quem
1349 722 1463 786 Hiere-

239 832 346 906 nym'os
360 820 497 883 acerbius
512 839 598 898 quam
615 838 668 898 par
695 826 757 877 erat
780 815 918 877 relutarit
941 835 1066 894 eumque
1082 811 1309 875 Dormitantinm
1322 810 1460 887 ,vocant

239 911 290 994 qui
305 909 425 989 uigilias
441 906 587 988 rejiceret.
619 901 815 969 Nihilominus
833 905 944 965 ahosus
961 901 1129 981 vigiliarum
1155 899 1250 961 indies
1267 897 1376 975 creuit,
1393 918 1463 960 curn

238 997 269 1058 in
286 995 325 1057 iis
341 997 426 1076 pueri
444 1003 471 1056 et
487 992 602 1075 puellae
619 1012 691 1054 suos
706 1011 822 1054 amores
847 990 1071 1067 meditarentur,
1095 988 1220 1070 juvenes
1243 985 1463 1048 fornicarentur

240 1096 268 1147 et
283 1104 371 1145 senes
389 1079 537 1144 lenocinia
553 1080 692 1141 lacerent.
727 1080 860 1140 'Paridem
885 1078 976 1157 igitur
991 1075 1134 1138 ecclesiae
1151 1074 1316 1149 necessitas
1331 1073 1388 1135 luit
1403 1072 1462 1134 iu·

197 1242 202 1247 ¹
238 1171 346 1254 posita,
361 1179 393 1231 nt
411 1167 528 1248 uigilias
545 1179 672 1231 veterum
689 1165 811 1229 tolleret.
845 1164 1041 1228 Nihilominus
1064 1162 1095 1223 in
1119 1162 1215 1224 locum
1231 1161 1399 1241 uigiliarum
1412 1161 1463 1241 je-

237 1258 322 1341 junia
338 1264 557 1332 successerunt,
575 1275 651 1337 qnae
668 1253 715 1316 dic
732 1254 853 1335 majoris
869 1252 937 1314 lesti
956 1251 1074 1333 praevie
1090 1271 1180 1330 agere
1196 1248 1275 1311 soliti
1293 1258 1371 1312 snut.
1406 1248 1462 1310 At·

240 1368 297 1428 que
312 1344 387 1407 haee
402 1343 514 1426 jejunia
529 1342 698 1421 vigiliarum
715 1362 820 1402 nomen
837 1340 1027 1402 retinuerunt.
1055 1340 1177 1417 Factum
1202 1335 1259 1398 hoe
1275 1346 1320 1400 eet
1337 1336 1418 1398 circa
1432 1356 1462 1400 a.

241 1435 310 1496 Chr.
327 1431 402 1494 420.
417 1428 545 1513 Pulchre
561 1429 617 1491 hac
635 1432 670 1490 de
687 1450 718 1489 re
736 1429 919 1489 Mantuanus
935 1426 987 1487 lih.
1004 1426 1027 1486 1.
1045 1426 1220 1488 Pastorum:
1273 1430 1298 1511 J

442 1562 555 1628 Maiores
576 1564 656 1613 nestri
678 1564 703 1613 iu
725 1564 828 1629 templis
847 1562 956 1626 vigilare
975 1560 1094 1612 solebant

442 1632 522 1682 Festa
540 1632 679 1698 recepturi.
717 1632 789 1682 lluuc
811 1647 907 1682 morem
928 1645 995 1681 nova
1013 1631 1118 1682 sustulit
1136 1637 1220 1681 setas.

359 1700 363 1708 '
442 1699 507 1752 Nam
525 1701 585 1765 quia
604 1718 654 1750 uox
672 1701 766 1751 sceleri
784 1701 851 1751 solet
870 1716 927 1750 esse
944 1699 1046 1751 occasio
1066 1700 1096 1750 et
1111 1700 1174 1750 illud

443 1769 600 1837 Observaet,
622 1768 664 1835 qai
683 1768 753 1819 lurta
771 1771 862 1819 volunt
879 1769 1049 1833 committere,
1068 1775 1185 1836 tempus:

441 1837 565 1902 Jejunare
587 1839 653 1888 diem
671 1838 754 1888 visure
773 1844 813 1888 cst
831 1838 972 1904 sapientias
992 1837 1062 1887 illum

442 1905 493 1972 Qui
511 1907 597 1973 praeit
615 1906 708 1956 festum
727 1914 753 1957 ct
774 1914 874 1957 nectem
885 1907 1003 1957 dormire
1025 1906 1114 1958 cubili.

327 2028 489 2090 Festum
518 2028 704 2091 Paschae.
747 2028 773 2110 ξ.
802 2030 829 2091 l.
863 2028 950 2091 Circa
976 2027 1084 2089 festum
1113 2028 1240 2109 paschae
1267 2046 1332 2089 eum
1359 2024 1481 2107 primis·

241 2115 429 2178 memorabile
447 2127 492 2177 est
507 2117 675 2177 diuturnum
693 2115 838 2190 schisma,
856 2117 932 2195 quod
950 2115 987 2176 ab
1003 2114 1084 2176 initio
1109 2113 1255 2177 ecclesiae
1279 2134 1365 2175 verae
1382 2113 1462 2175 cirea

241 2203 316 2263 diem
336 2203 462 2283 paschae
480 2205 612 2262 ohortum
631 2210 685 2263 est.
719 2202 813 2281 Cujus
831 2202 914 2280 origo
933 2212 964 2262 ut
981 2213 1112 2276 constet,
1130 2203 1226 2264 sciant
1241 2202 1364 2263 studiosi
1382 2219 1459 2262 sacr.

232 2288 360 2377 antiqq,
376 2287 501 2348 ineunte·
512 2285 640 2348 ecclesia
655 2286 821 2366 Apostolos,
841 2288 1005 2368 exemplum
1020 2288 1129 2351 Christi
1146 2290 1333 2364 subsecutos,
1351 2289 1461 2368 pascha

239 2395 325 2437 suum
343 2376 444 2437 eodem
462 2374 508 2435 die
526 2395 591 2435 cum
608 2374 728 2435 ludaeis
746 2374 1007 2452 eeleh1·assc„ideo
1024 2387 1056 2438 ut
1073 2376 1128 2438 hac
1146 2377 1254 2439 rituum
1271 2375 1458 2437 similitudine
1500 2450 1503 2458 Ἢ

239 2462 369 2524 ludaeos
386 2461 602 2523 lucrifacerent.
634 2462 706 2522 Post
721 2461 781 2537 illa,
794 2482 859 2523 cum
875 2462 1005 2543 gentium
1024 2461 1152 2528 ecclesia
1168 2475 1359 2541 accresceret,
1377 2464 1458 2543 Apo-

241 2549 306 2612 stoli
325 2552 496 2625 decuerunt,
515 2548 699 2611 Christianos
715 2548 744 2610 in
761 2550 798 2612 N.
816 2549 855 2610 Τ.
874 2553 910 2612 ad
930 2563 1024 2615 certos
1041 2552 1105 2615 dios
1121 2553 1223 2629 festos,
1240 2552 1288 2632 qui
1305 2550 1372 2629 lege
1389 2551 1458 2611 Mo-

241 2637 323 2699 saica
339 2637 399 2696 siut
413 2635 572 2715 praecepti,
590 2657 647 2696 nen
664 2636 790 2717 amplios
808 2637 914 2715 teneri,
938 2661 1003 2701 curn
1018 2638 1085 2702 finis
1102 2641 1178 2721 legis
1194 2641 1233 2702 sit
1253 2637 1398 2700 Christus.
1421 2672 1456 2682 -

241 2720 269 2806 ξ.
288 2724 320 2785 2.
337 2721 465 2783 Proinde
483 2743 520 2783 ex
536 2723 685 2801 Apostolis
701 2724 843 2801 nonnulli,
860 2726 1030 2806 praesertim
1047 2729 1158 2790 Rornae
1171 2729 1276 2789 Petrus
1294 2736 1322 2785 et
1337 2724 1459 2800 PauluS,

238 2806 375 2869 libertate
405 2808 566 2870 christiana
582 2810 629 2870 usi
649 2831 708 2870 nen
725 2811 849 2891 amplius
869 2813 946 2872 diem
963 2814 1089 2892 paschae
1107 2835 1173 2874 eum
1188 2811 1309 2874 ludaeis
1328 2831 1459 2871 commu-

240 2918 307 2957 nem
323 2896 507 2972 hahuerunt,
525 2900 576 2958 scd
594 2897 623 2957 in
644 2898 719 2958 diem
746 2896 920 2956 dominicum
945 2899 1155 2958 transtulerunt
1178 2909 1206 2957 et
1224 2895 1338 2957 Christo
1354 2916 1458 2957 resur-

240 2982 321 3065 genti
339 2981 519 3046 dedicarunt.
551 2983 609 3044 Alii
630 3005 697 3058 rere
715 3006 752 3045 ex
766 2976 930 3062 Apostolis,
955 2983 1125 3067 praesertim
1140 2964 1288 3043 lohahnes
1304 2980 1457 3059 apostolus

145 3094 151 3104 ι
241 3071 272 3130 in
290 3069 362 3131 Asia
380 3072 415 3130 ad
440 3081 568 3133 veterum
594 3091 701 3132 morem
726 3069 837 3148 pascha
863 3071 962 3131 eodeni
986 3091 1050 3131 curn
1074 3070 1195 3132 ludaeis
1220 3068 1266 3130 die
1291 3066 1458 3147 celebrarit,
1498 3138 1503 3147 Χ

243 3159 320 3237 quod
331 3179 354 3225 a
370 3157 501 3218 Jehanne
518 3158 626 3219 factum
642 3157 706 3237 ipse
725 3157 757 3217 S.
768 3155 950 3236 Polycarpus
967 3157 1056 3237 episc.
1075 3158 1190 3239 Smpru.
1209 3155 1288 3230 vidit,
1305 3165 1378 3216 teste
1394 3157 1458 3218 trc-

240 3264 315 3319 naeo
340 3243 378 3304 in‘
394 3266 439 3325 cp.
464 3247 499 3305 ad
524 3245 678 3309 Victorem.
701 3241 862 3305 iohannem
887 3243 991 3304 imitati
1024 3245 1092 3306 suar
1116 3244 1217 3306 omn'es
1244 3238 1404 3306 Christiani
1427 3242 1457 3304 in

156 3364 162 3375 =
241 3332 330 3408 Asia,
358 3332 425 3392 dicti
443 3330 565 3392 Asiatici
590 3331 691 3391 etalio
709 3331 824 3391 nornine
841 3330 963 3392 Graccis
980 3325 1357 3414 reconpecanrdeaerr'roc,
1374 3330 1458 3393 Lati-

240 3419 287 3479 nis
301 3422 553 3493 Qaertodccimoat,
572 3417 637 3477 ideo
656 3420 731 3496 quod
746 3417 832 3498 juxta
846 3414 944 3496 legem
956 3417 1118 3481 Massiuam
1138 3419 1251 3481 decima
1269 3429 1371 3498 quarta
1387 3417 1458 3479 luna

242 3506 351 3566 mensis
369 3506 461 3568 Nisan
481 3503 591 3583 pascha
607 3514 730 3582 agerent
753 3512 781 3564 et
803 3504 957 3585 judaizare
975 3506 1150 3569 viderentur.
1185 3504 1323 3569 Germani
1341 3507 1456 3566 eosdem

234 3587 397 3657 'r'ocarnntz
424 3590 610 3670 Osterlinge,
626 3589 829 3668 PaschatitaS,
847 3594 924 3672 qnod
944 3595 979 3654 de
996 3595 1137 3674 paschate
1153 3591 1368 3655 controversias
1384 3613 1457 3671 age-

240 3691 315 3743 rent.
347 3680 384 3743 Hi
403 3677 524 3740 Asiatici
542 3677 572 3737 in
589 3678 663 3739 festo
680 3681 807 3758 paschae
824 3700 883 3739 non
900 3681 1066 3742 memoriam
1088 3678 1321 3752 resurrectionis,
1339 3681 1393 3741 scd
1409 3679 1456 3741 in-

173 3775 181 3791 ‘
241 3769 359 3829 stitntae
377 3786 486 3827 coenae
503 3764 665 3826 dominicae
683 3766 876 3839 celebrarunt.
903 3801 941 3811 -
967 3766 994 3848 ᾗ.
1011 3768 1041 3828 3.
1068 3767 1151 3830 Haeo
1168 3767 1280 3828 dicrum
1305 3765 1456 3833 diversitas

241 3855 318 3915 inter
335 3853 481 3915 Asiaticos
500 3861 528 3913 et
544 3852 693 3914 Romanos
709 3854 782 3915 rivis
799 3853 949 3933 Apostolis
972 3854 1068 3934 eoepit
1085 3855 1218 3936 quidem,
1242 3856 1294 3915 sed
1321 3870 1379 3913 nnn
1402 3852 1458 3913 fuit

241 3939 453 4018 animadversa,
472 3943 563 4001 denec
581 3938 660 4000 circa
676 3961 703 4002 a.
718 3940 785 4002 Chr.
800 3942 871 4007 148.
890 3941 983 4003 Pius
1000 3953 1078 4022 pent.
1093 3965 1165 4004 rom.
1182 3940 1329 4021 angelica,
1346 3949 1379 4012 ut
1395 3940 1456 4002 ser·
1486 3998 1489 4007 ,
1566 3960 1567 4025 l

241 4034 298 4102 tur,
311 4028 491 4107 apparitione
505 4027 641 4105 monitus,
655 4029 801 4089 decretum
819 4031 966 4106 conderet,
981 4050 1016 4090 ne
1034 4030 1140 4092 festum
1153 4030 1279 4110 paschae
1296 4027 1354 4088 alie
1371 4048 1455 4109 quam

242 4111 388 4172 dominice
406 4114 451 4172 die
469 4122 618 4192 ageretur.
645 4115 690 4176 Ah
708 4115 764 4176 hoc
780 4116 1018 4196 temporecoepit
1035 4117 1188 4189 contentio,
1202 4115 1374 4195 praesertim
1391 4136 1454 4176 cum

240 4198 287 4258 Pii
306 4218 464 4259 successor
479 4201 619 4263 Anicetus
645 4201 826 4264 insolentius
838 4214 974 4282 urgeret,
993 4215 1024 4265 ut
1049 4201 1321 4286 pascha'deminico
1339 4201 1386 4263 die
1401 4201 1454 4281 fie-

240 4294 294 4346 ret.
329 4285 389 4346 Sed
412 4285 554 4346 fervorem
572 4288 685 4350 Aniceti
710 4290 852 4370 mitigavit
875 4291 908 4351 S.
931 4284 1127 4372 Polycarpas,
1153 4288 1203 4370 qui
1225 4290 1280 4350 hac
1304 4309 1396 4351 causa
1418 4311 1453 4351 cx

240 4371 446 4435 AsiaRomam
462 4369 582 4447 adiit,id
597 4378 674 4454 qued
691 4376 811 4442 Anicetn
828 4379 901 4437 adeo
917 4377 1035 4458 placuit,
1051 4387 1084 4441 ut
1094 4377 1126 4440 S.
1138 4374 1301 4458 Polycarpo
1318 4375 1349 4439 iu
1365 4376 1454 4437 masa

240 4463 312 4525 suas
328 4469 427 4553 partes
444 4461 625 4539 concederet,
642 4470 716 4524 teste
733 4463 845 4530 Enseh.
861 4459 929 4531 hist.
947 4460 1018 4528 eccl.
1030 4465 1062 4529 d.
1089 4465 1162 4528 Post
1176 4463 1285 4529 ooiruu
1300 4458 1454 4547 Polycarpi
1494 4458 1496 4465 ’
