3150 5066
154 236 165 251 ‘
211 248 256 319 sc
686 255 714 317 r.
733 232 952 319 marmano?

215 424 298 489 toriis
313 425 458 502 virebant,
475 424 618 506 psalmum
633 426 711 489 hunc
728 426 853 493 subinde
870 434 1017 490 canerent.
1043 426 1083 489 llt
1099 444 1165 488 cnm
1180 425 1288 488 testum
1303 422 1361 486 hoc
1377 444 1432 506 per

212 514 344 595 integros
372 519 483 595 septem
506 511 571 574 dies
596 514 831 596 continuaretur,
859 513 982 597 quilibet
1007 514 1070 578 dieo
1087 512 1236 596 peculiare
1261 533 1346 575 snum
1363 512 1429 575 11·-

214 601 320 664 sianua
335 601 468 665 habebat.
501 599 655 663 Hosianoa
670 613 766 665 autem
782 605 962 667 vocabantur
977 596 1079 665 omnes
1094 599 1203 685 hymni,
1214 621 1289 682 quos
1304 599 1336 661 in
1351 600 1432 662 lesio

215 688 467 753 tabernaculorum
485 707 591 750 cauere
605 687 752 752 solebant.
782 691 852 754 ldeo
869 702 965 753 antem
975 689 1130 752 Hosianna
1144 690 1333 765 vocabantur,
1352 691 1432 768 qnod

186 840 192 856 Χ
215 777 329 858 singuli
345 795 448 840 versus
465 776 521 837 bac
535 796 607 838 voce
625 779 863 855 terminarentur,
889 776 1010 859 proinde
1026 788 1059 838 ut
1081 779 1157 858 apud
1173 796 1229 841 nos
1247 775 1361 837 cantica
1376 796 1432 839 sa-

138 856 143 869 ’
215 882 265 928 cra
282 885 351 944 per:
368 860 505 942 Alleluia,
521 862 587 925 rel:
604 853 703 945 Kolpos
719 861 848 945 ἐλέησον
864 866 1065 928 terminantur.
1088 862 1359 927 Praeterealudael
1378 882 1433 926 eo-

215 954 280 1013 dem
297 951 374 1013 losto
390 968 488 1012 ramos
506 949 667 1031 palmarum
684 959 712 1013 et
727 951 887 1031 olivarum,
906 952 976 1035 quio
993 962 1021 1014 et
1037 963 1146 1035 myrtos
1165 962 1193 1014 et
1216 951 1325 1014 salices
1341 970 1433 1013 manu

213 1034 369 1131 gestabant
399 1048 428 1099 et
451 1037 626 1101 fasciculum
661 1037 730 1102 inde
754 1040 917 1108 conlectum
943 1038 1077 1103 similiter
1100 1038 1255 1102 Hosiauna
1276 1041 1434 1117 vocabant,

214 1127 290 1203 ideo,
307 1127 384 1207 quod
403 1125 517 1206 quoties
533 1125 564 1187 io
580 1126 694 1188 candeo
710 1126 793 1190 illius
810 1128 878 1192 lesti
891 1127 1044 1191 Hodierna
1057 1137 1220 1204 caueretur,
1231 1125 1359 1209 populos
1375 1127 1433 1190 hos

213 1213 377 1276 fasciculos
394 1222 514 1295 quatere
530 1223 559 1276 et
574 1232 690 1277 morere
702 1214 825 1279 solebat.
856 1215 991 1298 Denique
1008 1216 1097 1279 moris
1121 1215 1179 1277 luit
1200 1216 1278 1296 apud
1294 1214 1433 1292 ludaeos,
1529 1274 1535 1283 ,

215 1311 249 1364 ut
263 1301 294 1363 iu
313 1301 405 1383 prima
423 1300 605 1364 institutione
629 1300 739 1365 liberos
763 1323 835 1365 suus
850 1303 1004 1365 Hosianna
1027 1305 1181 1377 docerent,
1209 1312 1382 1383 propterea,
1399 1312 1433 1364 ut

215 1381 447 1452 sub'adventum
462 1388 593 1452 Moesiae
609 1388 651 1450 uti
668 1391 770 1451 eodem
787 1394 937 1453 commode
952 1399 1089 1471 possent,
1107 1392 1183 1471 quod
1202 1400 1229 1452 et
1244 1388 1300 1451 soh
1317 1391 1434 1452 adren-

216 1487 276 1543 tum
293 1475 404 1539 Christi
429 1475 469 1537 ita
492 1474 622 1555 contigit.
654 1475 734 1538 Alias
758 1479 858 1539 eadem
881 1474 1027 1540 dominica
1050 1498 1109 1539 non
1133 1476 1288 1539 Hosiauno
1308 1484 1433 1557 'tanturm

150 1564 152 1575 ’
216 1566 269 1629 scd
288 1574 316 1625 et
331 1562 532 1642 indulgentiae
548 1562 881 1645 dominicacocabatnr3
898 1586 956 1626 non
973 1565 1051 1643 ideo,
1067 1567 1143 1647 quod
1162 1585 1197 1626 eo
1215 1564 1262 1626 die
1276 1565 1434 1646 poeniten-

216 1652 256 1715 tia
271 1648 472 1727 relaxaretur,
495 1670 561 1711 uam
578 1670 787 1731 permagnam
812 1653 1019 1716 hebdomadem
1043 1651 1225 1734 poenitentes
1250 1650 1433 1732 rigidissime

214 1738 367 1818 vixerunt,
382 1740 434 1800 sed
454 1738 530 1816 idco,
548 1741 625 1820 quod
640 1739 696 1800 bac
711 1739 856 1802 dominica
873 1739 932 1802 reis
952 1740 981 1801 in
1000 1760 1118 1803 carcere
1135 1738 1223 1802 venia
1250 1741 1369 1802 daretur
1393 1751 1433 1817 et,

215 1834 248 1890 at
273 1829 357 1889 docet
380 1825 554 1888 Ambrosios
578 1847 623 1907 ep.
648 1825 700 1889 33.
723 1829 759 1888 ad
783 1848 929 1904 sororem,
947 1828 1046 1890 debita
1070 1826 1279 1891 relaxarentur.
1310 1824 1433 1909 Antiqui

214 1914 304 1977 moris
320 1912 482 1995 vestigium
495 1914 590 1975 adhuc
605 1913 732 1976 Lutetiis
748 1915 778 1976 in
795 1915 892 1978 Gallia
908 1927 1057 1998 superest,
1081 1915 1133 1977 nbi
1158 1915 1214 1977 hae
1231 1914 1377 1977 dominica
1393 1916 1432 1977 ad

215 2002 457 2081 intercessionem
481 2001 611 2083 episcopi
634 2022 703 2075 reus
720 2002 827 2085 aliquis
844 2025 860 2066 e
877 2023 996 2065 carcere
1013 2001 1173 2065 dimittitur.
1204 2001 1326 2067 martur
1341 2022 1360 2063 a
1375 2002 1432 2065 lu·

216 2089 298 2153 dacis
314 2091 386 2152 haec
403 2093 585 2152 causaretudo
601 2089 753 2173 coepisse.¹
777 2092 852 2152 Nam
869 2101 897 2161 et
912 2090 942 2150 hi
961 2089 1039 2152 circa
1056 2089 1167 2172 pascha
1193 2088 1356 2152 maleficum
1372 2088 1431 2152 ali·

215 2198 301 2260 quem
317 2178 456 2258 precibus
472 2177 534 2238 suis
553 2198 568 2238 e
586 2194 704 2239 earcere
719 2176 835 2240 solvere
850 2188 992 2258 poterant.

303 2264 401 2326 Dies
426 2263 626 2326 viridium.
657 2264 694 2347 xp.
720 2266 749 2337 l,
788 2265 918 2329 Vocatur
943 2268 1019 2346 apud
1044 2274 1158 2328 veteres
1183 2265 1291 2328 festum
1318 2263 1430 2342 calicis,

216 2350 287 2434 qnia
303 2370 338 2413 eu
360 2351 407 2413 die
428 2349 573 2413 institutio
596 2371 621 2412 s.
648 2350 841 2415 eucharistiae
858 2363 1043 2416 memoratur.
1075 2352 1200 2417 nietam.
1216 2351 1431 2433 capitilavium,

216 2460 283 2502 nam
317 2442 418 2502 eodem
444 2439 492 2502 die
516 2439 612 2521 capita
634 2437 776 2502 inlautum
801 2451 829 2504 et
854 2439 1093 2523 baptizandorum
1117 2440 1198 2503 ablui
1222 2438 1372 2517 solebant,
1393 2460 1431 2502 nc

192 2527 358 2592 ‚sordidati
381 2529 417 2590 ad
442 2527 615 2610 baptismum
639 2531 823 2593 accederent.
863 2529 928 2594 vio.
953 2530 1086 2593 Iluraud.
1109 2529 1177 2593 Rat.
1203 2528 1296 2608 temp.
1311 2525 1359 2605 b,
1378 2528 1432 2588 to.
1479 2596 1487 2611 .

218 2617 313 2693 Quam
332 2616 480 2695 antiquum
497 2637 567 2678 vero
592 2625 636 2679 est
659 2616 715 2679 hoc
738 2617 870 2679 lestum‘l
900 2617 999 2679 Prima
1021 2626 1115 2680 aetate
1137 2615 1201 2678 dies
1221 2615 1271 2676 hic
1294 2634 1353 2675 uon
1368 2613 1433 2675 'luit

130 2764 132 2770 A
217 2698 368 2784 peculiare
387 2702 514 2778 testum,
530 2706 582 2764 sod
599 2703 663 2782 pari
680 2700 855 2765 solennitate
872 2724 937 2766 eum
954 2705 1075 2785 reliquis
1093 2704 1198 2765 diebus
1215 2720 1341 2781 magnae
1356 2701 1432 2762 heh-

218 2789 361 2851 dotnadis
384 2787 443 2850 Sed
461 2810 526 2849 eum
537 2788 645 2869 'postea
660 2809 718 2848 non
729 2810 830 2850 omues
847 2790 910 2851 dies
925 2791 1013 2871 hujus
1027 2790 1206 2869 septimanae
1223 2786 1363 2849 solennes
1380 2796 1432 2849 es:

217 2887 300 2952 sent,
317 2874 429 2955 primus
452 2874 509 2935 fuit
522 2876 600 2935 Leo
617 2874 652 2935 ll.
675 2894 703 2937 a.
719 2873 788 2937 Chr.
806 2874 879 2950 682,
896 2874 947 2954 qui
973 2875 1047 2934 diem
1063 2873 1198 2933 viridium
1215 2874 1321 2933 festum
1336 2891 1431 2951 pecu-

217 2961 290 3025 liare
308 2964 374 3024 ess'e
389 2960 487 3042 jussit.
520 2961 604 3037 Quod
622 2961 658 3020 ad
682 2961 755 3021 ritus
770 2959 818 3020 die
833 2959 966 3022 viridium
990 2959 1051 3021 liorl
1067 2955 1172 3021 solitos
1194 2957 1311 3033 attinet,
1332 2955 1432 3019 scien·

219 3052 287 3111 dum
305 3059 358 3126 ost,
375 3049 453 3130 quod
470 3046 538 3108 olim
555 3045 612 3107 hoc
629 3047 676 3109 die
693 3044 906 3127 competentes
916 3047 947 3109 in
965 3045 1118 3109 ecclesiam
1143 3044 1253 3107 luerint
1267 3043 1379 3106 inducti
1405 3053 1434 3107 d

217 3136 336 3218 publice
352 3134 520 3198 examinati.
537 3132 603 3196 'Uni
620 3134 723 3196 ltemm
739 3135 950 3214 notandumin
962 3133 1052 3197 reteri
1069 3132 1196 3196 ecclesia
1207 3130 1433 3195 catechumenos
1450 3127 1455 3137 ’

218 3225 281 3288 sire
294 3222 414 3286 tirones
431 3220 606 3284 christianae
629 3221 712 3299 fidei,
739 3222 789 3303 qui
806 3220 905 3284 relicto
923 3221 1096 3304 paganismo
1114 3221 1158 3284 rel
1181 3220 1330 3303 judaismo
1346 3218 1433 3282 tidem

219 3311 330 3376 Christi
345 3313 535 3387 docebantur,
547 3309 643 3372 fuisse
660 3309 745 3372 trium
762 3330 913 3390 generum.
936 3309 994 3372 Alii
1010 3311 1318 3384 vocantuerdicotoe,
1330 3307 1379 3389 qui
1396 3308 1442 3368 ad·

219 3399 397 3464 auditiooem
414 3397 493 3460 verbi
511 3397 541 3458 in
558 3397 672 3477 templis
696 3398 935 3475 admittebantur,
960 3416 1035 3479 qnos
1058 3408 1153 3459 autem
1177 3395 1276 3458 habita
1293 3392 1433 3457 concione

218 3487 315 3552 statim
341 3485 421 3548 exire
446 3484 581 3567 oportuit.
618 3483 754 3546 Meminit
772 3485 950 3547 audientium
972 3485 1032 3567 jam
1054 3505 1108 3546 suo
1127 3504 1203 3546 aevo
1220 3479 1432 3558 Tertullianus.

219 3575 277 3639 Atii
294 3576 472 3638 vocabantur
484 3579 677 3654 Gotnpetenteo,
689 3571 739 3653 qai
756 3572 785 3633 in
803 3572 859 3634 tide
869 3574 929 3656 jam
946 3572 1079 3635 instructi
1091 3573 1267 3653 baptismum
1283 3569 1340 3633 sibi
1358 3589 1432 3629 con-

219 3663 290 3727 ferri
308 3660 467 3725 humillime
482 3662 627 3741 petebant,
640 3662 880 3741 quemadmodum
898 3661 984 3722 hodie
1001 3660 1204 3740 competitores
1220 3657 1345 3720 dicimus
1362 3676 1433 3735 coa-

219 3755 346 3827 didotoe,
367 3749 416 3832 qni
442 3750 564 3810 eandem
588 3745 676 3810 simul
694 3749 824 3828 gradum
847 3757 958 3828 petunt.
985 3749 1072 3810 tmen
1088 3745 1188 3829 petitio
1212 3744 1350 3826 baptismi
1363 3750 1434 3804 cani

221 3838 367 3900 dominica
382 3837 542 3918 palmarum
559 3835 657 3911 tieret,
676 3837 776 3897 cadem
786 3839 929 3898 donninioo
946 3841 1159 3915 competentium
1176 3834 1343 3917 vocabatur.
1375 3829 1436 3893 Atti

220 3926 346 4005 denique
362 3928 557 4000 erant'ssteott,
574 3922 624 4004 qui
641 3923 764 4003 p'eractis
781 3922 931 3985 scrutiniis
947 3921 977 3983 in
996 3922 1130 3984 exatrrine
1147 3920 1324 3982 catechetieo
1342 3919 1433 3999 probe

222 4011 411 4074 constiterant
441 4008 580 4092 dignique
606 4009 747 4090 baptismo
772 4010 862 4072 hahiti
894 4009 925 4070 ia
948 4009 1112 4091 ipso'issto
1140 4008 1266 4090 paschae
1283 4008 1319 4068 ad
1335 4005 1435 4068 susci·

221 4099 358 4181 pieodum
376 4098 550 4178 baptismum
570 4119 606 4160 ex
617 4097 856 4180 competentibus
876 4108 958 4160 erant
974 4096 1089 4161 delecti.
1113 4094 1203 4156 Plura
1218 4095 1273 4155 hac
1288 4095 1324 4155 de
1336 4104 1373 4154 νο
1389 4092 1435 4156 ti-

216 4188 346 4249 ·deantcr
361 4187 438 4266 apud
457 4183 605 4246 Isidorum
618 4182 703 4266 Hisp.
721 4187 757 4246 de
774 4185 862 4249 divin.
879 4184 955 4246 ollio.
974 4186 1158 4264 cmopetenter
1182 4181 1258 4261 quud
1276 4178 1435 4258 attinct,'ltl

223 4273 463 4357 quemadmodum
488 4271 633 4334 dominica
654 4270 815 4352 palmarum
838 4271 1000 4355 symbolum
1019 4267 1210 4353 apostolicum
1229 4270 1257 4329 e't
1274 4267 1434 4330 orationem

158 4366 161 4371 ⁴
223 4360 405 4424 dominicam*
419 4362 613 4438 acciperunt,
636 4359 678 4421 ita
698 4381 752 4440 per
775 4358 904 4440 reliquos
929 4358 991 4421 dies
1016 4376 1140 4437 magnae
1164 4354 1345 4436 septimanae
1361 4355 1435 4414 haee

223 4453 281 4516 duo
297 4448 429 4515 ediscere
446 4444 582 4531 oportuit,
599 4449 692 4510 donec
708 4446 755 4508 die
770 4445 903 4512 riddiom
921 4445 1038 4529 publico
1054 4443 1239 4507 recitassent.
1270 4443 1342 4508 Post
1358 4440 1434 4505 diem
