3144 5056
458 222 470 255 ⁸
535 261 572 325 de
588 257 637 325 die
652 257 744 326 netuli
762 228 939 328 servatoris.
1211 306 1214 315 ·
1288 260 1353 329 tao

120 428 302 497 ‘Basileoosi
313 452 390 496 sess.
407 433 461 499 db.
478 436 516 496 ab
534 435 671 516 Eugeuio
688 435 738 500 Ν.
755 438 873 501 decretu
891 442 969 514 sunt,
986 454 1042 499 nos
1054 454 1114 498 non
1130 443 1264 516 tangunt.
1291 436 1353 500 Sed

132 522 376 603 quomadmodum
393 521 425 583 iu
444 520 620 586 celebrando
636 521 793 604 paschatos
810 524 887 586 festu
903 523 1233 606 supersapientissirno
1250 522 1353 587 consi-

126 608 169 670 'lio
186 607 265 685 lites,
283 619 370 674 autea
388 608 509 690 saepius
526 621 617 688 ortae,
634 611 813 692 compositae
832 621 909 685 snut,
935 610 1092 674 concordio
1108 609 1140 672 in
1156 610 1215 674 ritu
1232 622 1352 675 externo

134 699 170 758 ab
187 695 225 759 iis
241 698 387 771 mandata,
404 697 453 778 qui
466 697 519 778 jus
536 700 644 761 lrabeut
660 698 751 778 leges
765 698 898 761 serendi:
929 697 969 760 ita
991 696 1061 759 iude
1086 699 1125 759 eb
1150 719 1185 760 eo
1214 709 1352 779 tempore,

133 805 190 865 quo
207 783 294 845 nobis
311 783 406 847 sacris
424 786 533 847 uostris
550 785 592 846 uti
607 783 700 862 licuit,
717 785 747 847 iu
759 782 942 857 vcelebrandi
967 783 1126 848 nativitatis
1150 784 1258 848 Christi
1273 786 1352 848 festo
1446 828 1449 841 ι

133 870 180 934 die
196 872 383 934 concordiam
408 874 526 935 turbuno
543 872 651 935 nemini
675 872 755 935 veuit
777 872 815 961 ἰιικ
832 884 966 936 urentem.
999 875 1043 935 Ad
1068 874 1352 935 commemorandum

133 969 161 1021 et
179 968 265 1038 grato
281 958 377 1021 anime
386 958 582 1041 recolendum
599 959 783 1036 beneficium,
800 963 879 1041 qnod
894 962 1022 1023 adventu
1038 980 1093 1022 suo
1109 958 1141 1021 iu
1159 980 1213 1021 uos
1229 961 1353 1023 contulit

76 1074 81 1097 ι
131 1046 273 1117 Servetur
290 1046 475 1128 promissus,
499 1047 611 1111 nullom
635 1066 703 1111 esec
728 1046 907 1127 cognitionis
934 1047 992 1110 dici
1010 1047 1119 1111 natalis
1136 1048 1352 1125 necessitatem,

19 1160 20 1203 3
132 1133 218 1197 uobis
235 1142 409 1215 persuasum
429 1132 583 1213 habemus.
623 1133 809 1196 curiositatis
823 1143 872 1197 est
899 1134 981 1211 illum
1003 1134 1203 1215 investigare,
1236 1135 1352 1198 nonita-

19 1212 28 1279 ῗ.
132 1221 172 1282 tis
189 1242 226 1284 ex
243 1220 400 1285 levissimis
418 1222 598 1303 conjecturis
617 1221 776 1301 colligere,
793 1221 1019 1302 praesumtionis
1032 1221 1171 1300 delinire,
1189 1222 1352 1303 tyrannidis

50 1356 56 1359 -
133 1329 201 1370 euru
217 1308 372 1372 obtrudere
393 1319 421 1374 et
436 1311 472 1371 ad
491 1309 607 1371 sumnia
622 1331 678 1372 sua
696 1308 812 1372 alienas
829 1310 1025 1373 conscientias
1041 1309 1239 1388 adstringere.

218 1395 337 1459 luterivn
352 1418 408 1458 uec
424 1395 462 1457 iis
477 1399 634 1460 adsensum
653 1401 838 1479 praebemus,
857 1397 907 1480 qui
924 1396 954 1458 in
969 1398 1099 1460 eruenda
1116 1397 1233 1476 origine
1246 1399 1352 1459 borum

132 1480 310 1547 sollennium
327 1480 510 1563 κακοζηλίας
526 1496 667 1548 accusant
684 1483 868 1547 Cbristiauos
892 1494 979 1566 atquc
995 1485 1122 1565 gentiles
1139 1484 1268 1547 imitatos
1285 1504 1354 1548 esso

94 1563 102 1583 “
133 1571 241 1647 dicunt,
258 1571 309 1653 qui
326 1571 356 1631 in
373 1571 499 1648 gratiam
518 1572 724 1653 imperatorum
744 1581 967 1652 patronorumve
982 1571 1114 1635 natalitia
1129 1571 1353 1649 celebraverint,

132 1670 184 1722 aut
199 1678 287 1721 sacra
303 1658 458 1740 gentilium
476 1670 616 1722 consueta
632 1660 662 1721 in
688 1681 795 1723 rnorem
821 1658 1014 1723 christianum
1039 1670 1254 1723 transmutasse
1279 1680 1353 1721 ruu-

133 1749 256 1810 teudunt
271 1767 326 1809 uec
342 1767 442 1808 eurum
455 1748 610 1810 audaciam
626 1747 778 1810 ferendam
795 1768 863 1810 ease
879 1760 1033 1828 putamus,
1051 1748 1102 1828 qui
1119 1747 1148 1810 in
1165 1747 1354 1811 sermonibus

133 1834 227 1903 sacris
246 1850 358 1915 magua
371 1832 479 1896 fiducia
495 1835 638 1898 clamant:
659 1834 706 1897 bio
722 1835 784 1897 dies
802 1845 846 1897 est
861 1834 978 1911 natalis,
994 1834 1081 1897 bodie
1096 1847 1185 1897 uatus
1202 1844 1248 1896 est
1265 1834 1353 1898 Cirri-

33 1952 38 1956 ·
133 1931 205 1985 stus.
225 1921 439 1985 Abstinendum
457 1930 501 1982 est
516 1924 554 1984 ob
569 1922 838 2008 asseverationibus
854 1922 983 2002 frigidis,
1000 1921 1111 2003 quibus
1126 1920 1207 2002 plebi
1224 1933 1277 1983 aut
1292 1921 1352 1984 fol·

134 2011 336 2072 concredere
355 2007 506 2088 autpleue
532 2007 674 2071 incertum
701 2029 753 2089 pro
779 2011 986 2079 renuntiauere
1005 2008 1180 2088 injungitur.
1213 2007 1362 2071 Ceterum-

19 2100 20 2129 ³
132 2096 293 2176 Augustini
309 2094 659 2171 verbissubscribimus:
689 2094 776 2171 „Uno
791 2093 986 2161 saluberrima
1002 2095 1108 2174 regula
1128 2094 1281 2157 retinenda
1299 2103 1352 2171 cst,

103 2245 109 2249 ,
134 2195 173 2261 nt,
191 2206 266 2266 quae
283 2204 347 2267 uon¹
360 2193 429 2245 sunt
447 2195 547 2258 contra
569 2183 654 2246 fidem
673 2203 767 2264 neque
787 2185 881 2245 bonos
899 2202 996 2245 mores
1013 2189 1042 2244 et
1057 2183 1167 2244 babent
1185 2180 1297 2262 aliquid
1313 2184 1352 2245 ad
1459 2192 1463 2197 “

134 2272 364 2335 exhortationem
380 2270 455 2335 vitae
482 2271 621 2345 melioris,
643 2270 812 2352 ubicunque
838 2268 950 2331 institui
984 2269 1116 2333 nidoruus
1141 2269 1187 2331 vel
1220 2269 1353 2332 instituta

133 2359 340 2439 cognovimns,
352 2380 408 2421 nun
426 2358 521 2421 solnrn
539 2381 598 2422 nou
613 2357 825 2441 improbemus,
840 2359 891 2421 sed
910 2357 997 2421 etiarn
1011 2357 1159 2421 laudando
1175 2361 1352 2424 sectemur.“

29 2498 34 2506 .
132 2448 193 2528 Ep.
209 2448 246 2511 ad
263 2448 381 2511 Jauuar.
400 2447 505 2512 CXlX.
