3144 5056
154 284 160 289 ’
272 288 311 348 rle
333 282 474 359 celebrat.
489 282 604 353 sabbati
625 291 654 346 ct
670 284 727 347 liei
751 287 828 348 rlum.
844 304 893 367 ap.
907 291 977 350 vett.
994 294 1023 349 et
1038 285 1227 350 recentiorem
1313 288 1358 353 97
1430 268 1433 269 ⁷

138 463 209 539 Qua
227 459 332 522 clausa
348 461 465 521 domum
482 461 602 538 radunt,
625 457 754 522 familiae
772 458 893 540 quaevis
912 459 1009 522 fausta
1034 456 1204 542 preeuntes,
1227 482 1358 526 mensam
1464 446 1471 455 ’

138 556 260 610 stratum
279 549 398 609 adeunt.
439 547 496 610 Hic
513 555 611 628 patras
629 545 768 623 familiae,
784 546 956 630 priusquam
972 547 1269 629 aliquidcomerlitnr,
1286 571 1359 634 cya-

138 636 188 697 tho
205 636 266 698 riui
283 635 438 717 prehenso,
463 637 531 696 tlum
555 632 694 696 lucernas
716 635 875 708 intuentur,
892 635 1046 697 sabbatum
1065 647 1240 700 consecrant
1254 636 1359 702 illurn-

139 744 207 804 que,
225 732 380 804 postquam
397 721 455 802 ipsi
475 723 618 797 biberunt,
642 721 747 785 ceteris
770 721 932 802 porrigunt.
969 722 1092 805 Propter
1106 723 1181 786 banc
1198 745 1358 789 conseera-

72 830 74 833 ’
137 813 246 872 tionem
264 810 397 891 quisque,
416 806 462 871 rcl
481 808 702 890 pauperrimus,
728 808 784 873 sibi
809 809 906 873 riuum
929 830 1098 892 comparare
1122 811 1279 892 obligatur.
1309 814 1358 877 Ex

136 897 195 959 bac
214 898 326 959 ratione
345 896 430 958 etiam
448 896 479 957 iu
496 897 656 977 synagogis
675 898 807 978 cyathum
825 897 886 959 riui
910 908 1092 977 consecrant,
1116 910 1149 960 ut
1166 918 1312 981 pauperes
1330 909 1360 963 ct

112 1026 115 1035 «
138 983 300 1065 peregrini,
328 983 377 1064 qui
403 984 471 1044 uiuo
493 994 602 1064 carent,
628 1004 665 1045 ex
689 1005 724 1046 eo
748 984 849 1046 bibere
872 985 995 1066 possint.
1034 985 1113 1048 ldem
1129 987 1241 1049 faciunt
1258 997 1357 1069 patres

137 1069 270 1133 familiae
288 1071 545 1153 duobuspauibus
563 1070 690 1150 tegmine
705 1071 819 1144 relatis,
845 1093 918 1151 qnos
941 1082 1070 1149 sumunt,
1093 1084 1275 1150 consecrant,
1291 1074 1358 1137 lru·

139 1167 219 1218 stum
244 1160 279 1220 rlc
303 1157 441 1220 alterutro
466 1157 647 1234 rescindunt,
672 1161 828 1219 comedunt
845 1158 1032 1238 couririsque
1050 1159 1235 1222 distribuunt.
1267 1160 1358 1223 Post·

139 1243 218 1306 baec
234 1242 346 1325 reliqui,
364 1244 472 1324 quibus
491 1264 593 1306 mensa
610 1255 730 1306 onerata
747 1254 801 1321 est,
827 1244 884 1306 cibi
910 1247 1074 1326 capiuntur,
1101 1247 1280 1331 pauperibus
1296 1268 1357 1312 nou

138 1329 279 1393 oblivioni
295 1331 417 1392 traditis.
457 1332 559 1393 Coena
586 1329 723 1394 absoluta
745 1331 881 1394 ruanibus
908 1332 978 1393 lotis
1005 1355 1072 1396 sese
1094 1333 1125 1394 iu
1150 1331 1258 1397 lectum
1275 1335 1356 1415 reci-

136 1417 230 1497 piunt,
249 1439 334 1498 quem
351 1417 397 1479 die
416 1419 539 1498 septimo
557 1439 591 1479 ce
608 1418 703 1480 serius
721 1418 974 1500 relinquantque
992 1420 1101 1482 bertius
1118 1442 1252 1483 somnum
1268 1421 1356 1502 paulo
1399 1434 1405 1445 '
1471 1470 1473 1475 .

135 1504 300 1584 longiorem
316 1506 345 1571 ia
369 1506 561 1582 recreatione,
586 1526 644 1585 qua
669 1507 790 1567 sabbato
808 1509 946 1585 gaudent,
968 1518 1133 1569 numerant.
1165 1507 1357 1590 Postquame

135 1591 212 1653 lecte
233 1595 435 1668 surrexerunt,
461 1592 492 1652 iu
504 1612 690 1674 synagogam
716 1591 866 1654 festinant.
900 1593 943 1654 lbi
960 1592 1068 1655 diutius
1085 1605 1254 1675 precantur,
1269 1616 1357 1676 quum

135 1678 202 1740 allis
228 1679 334 1740 «liebus
360 1678 518 1760 leguutqne
544 1678 704 1741 sectionem
729 1701 745 1741 e
767 1678 836 1759 lege
860 1678 991 1742 mosaica
1007 1701 1062 1742 uec
1079 1702 1136 1742 uun
1163 1683 1357 1763 epruplretim
1403 1702 1408 1709 ‘

137 1765 232 1827 Simul
257 1777 324 1828 rota
345 1765 456 1827 faciunt
474 1787 525 1847 pro
544 1766 745 1828 defunctorum
764 1767 879 1843 animis,
906 1767 955 1847 qui
973 1788 1042 1845 non,
1067 1778 1099 1829 ut
1114 1769 1260 1847 convenit,
1284 1772 1357 1831 sab·

134 1853 233 1913 batum
251 1854 453 1930 observarunt,
470 1874 543 1933 quos
561 1856 711 1914 ‹lamnatos
736 1853 783 1914 die
801 1854 914 1915 sabbati
939 1854 1035 1934 quiete
1051 1854 1109 1915 frui
1128 1858 1261 1920 creduut.
1293 1857 1356 1919 Neu

98 1978 102 1981 Δ
135 1939 334 2003 consulatum
353 1938 636 2020 ettrauquillitutcm
655 1939 845 2021 magistratus
871 1939 1040 2016 cbristiaui,
1066 1942 1123 2002 sub
1151 1944 1238 2024 cujus
1265 1943 1356 2007 tutela

134 2027 245 2103 vivunt,
270 2046 288 2088 a
311 2027 386 2109 Deo,
403 2027 570 2107 precatione
594 2025 675 2087 hauc
698 2025 860 2106 ineleganti
885 2038 994 2107 petunt,
1018 2028 1084 2109 ipso
1102 2032 1239 2091 mandato
1256 2030 1355 2093 alirino

134 2111 359 2189 lenem.29,7.
384 2115 422 2174 ad
444 2115 499 2174 boc
526 2113 653 2174 officium
679 2113 811 2192 permoti.
846 2113 1129 2200 ,Nonnullisetiam
1154 2115 1245 2192 locis,
1276 2119 1355 2198 quod
1414 2172 1416 2175 ,

136 2210 233 2262 tamen
250 2201 344 2262 rarius
361 2199 400 2277 lit,
422 2200 508 2265 etiam
526 2201 673 2262 orationes
694 2219 797 2263 sacrae
814 2201 967 2276 habentur,
993 2202 1023 2261 in
1043 2202 1149 2282 quibus
1165 2204 1309 2282 querolum
1326 2223 1353 2265 s.

135 2287 248 2348 codicis
265 2287 360 2349 lucum
379 2287 535 2367 explicant.
552 2296 556 2301 '
575 2288 717 2349 Precibus
741 2288 870 2368 peractis
896 2308 1081 2369 synagogam
1108 2288 1275 2371 relinquunt
1299 2292 1355 2352 ‹lo-

134 2395 274 2455 mumque
297 2375 459 2452 discedunt,
482 2375 533 2435 ubi
556 2388 667 2451 omnes,
693 2374 743 2455 qui
768 2375 865 2435 domui
889 2374 1000 2451 insunt,
1025 2374 1121 2436 statim
1146 2378 1182 2437 ml
1200 2378 1355 2458 prandium

134 2463 308 2536 secuudum,
324 2462 437 2523 sabbati
456 2458 585 2542 epulum,
601 2461 749 2523 festinant.
789 2461 855 2538 llic,
874 2464 951 2541 quud
975 2462 1140 2542 appositum
1165 2470 1219 2541 est,
1243 2481 1355 2526 cousu-

133 2558 218 2609 muut
234 2559 395 2630 cantusque
413 2548 481 2610 huic
505 2549 625 2629 prandio
648 2546 808 2609 destinatos
832 2548 943 2633 laetitia
967 2548 1045 2628 pleni
1066 2559 1185 2612 canunt.
1225 2550 1356 2613 Saturati

134 2635 237 2711 libros,
259 2635 290 2695 in
317 2636 424 2716 quibus
450 2636 570 2715 negotia
593 2634 708 2697 subbati
734 2632 902 2710 tractantur,
925 2633 971 2696 acl
988 2634 1044 2716 ipsi
1062 2637 1217 2717 perlegunt
1234 2635 1281 2698 rel
1296 2637 1354 2699 sibi

132 2721 351 2803 praelegendus
368 2733 479 2785 corrant.
521 2723 577 2784 His
603 2721 687 2783 lectis
713 2741 847 2783 somnum
864 2732 970 2784 amant.
1012 2722 1055 2783 Aa
1081 2742 1232 2804 vesperam
1248 2743 1354 2787 rursus

131 2808 162 2869 in
181 2830 365 2890 synagogam
391 2820 461 2870 eunt
484 2810 584 2890 ibique
609 2828 712 2889 preces
739 2819 895 2871 consuetas
918 2809 1043 2871 recitant
1066 2820 1093 2871 et
1108 2812 1224 2871 domum
1242 2811 1354 2874 reversi

133 2896 259 2972 tertinrrr,
284 2899 361 2976 qunrl
386 2895 567 2958 sabbaticum
593 2894 708 2972 dicitur,
734 2895 851 2976 epulum
869 2906 1054 2974 consumunt,
1071 2905 1227 2979 antequam
1244 2916 1353 2978 vespe-

17 2994 19 3049 t
132 2981 230 3059 raecit,
255 2992 284 3044 et
305 2985 459 3045 sabbatum
484 2982 582 3045 fausta
605 2982 773 3063 precatione
796 2983 920 3064 repetita
944 2982 1058 3047 liniunt.
1092 2983 1155 3045 llas
1173 2994 1232 3045 tres
1249 2985 1353 3064 epulas

132 3078 196 3131 eam
216 3073 254 3131 ob
271 3090 390 3132 caueam
408 3070 532 3131 maxime
550 3069 735 3132 necessarias
752 3079 862 3150 putant,
892 3071 1028 3150 quonium
1053 3070 1084 3130 in
1102 3074 1237 3133 mandato
1254 3070 1352 3134 lirino

130 3156 203 3234 (Ex.
224 3154 274 3232 lb,
292 3159 359 3235 25.)
376 3157 485 3219 rocula
498 3159 579 3219 bodio
600 3167 643 3219 ter
666 3156 847 3239 inveniatur.»
869 3157 1007 3218 Primum
1026 3156 1144 3236 epulum
1165 3157 1195 3217 iu
1213 3159 1353 3221 bonorem

17 3256 18 3271 ²
130 3243 228 3304 isaaci
246 3242 461 3317 instituuntur!
479 3245 605 3306 ludaeos
623 3265 639 3306 c
656 3262 764 3323 magua
789 3243 927 3323 congustia
945 3242 1124 3323 temporibus
1140 3244 1273 3306 Messias
1290 3245 1353 3305 ori-

131 3333 212 3393 uurla
230 3330 412 3411 eripiendos3
429 3331 552 3392 alterum
569 3330 599 3390 iu
615 3331 755 3391 honorem
769 3326 936 3406 Abrabami,
955 3331 1083 3392 ludaeos
1099 3331 1136 3390 ab
1155 3329 1258 3393 luseris
1273 3327 1352 3393 libe-

17 3460 18 3463 *
130 3416 215 3478 cauli
235 3436 346 3493 cansa;
359 3417 476 3479 tertium
489 3417 519 3478 iu
535 3417 675 3478 honorem
694 3416 806 3493 iacobi,
822 3425 855 3478 ut
871 3416 979 3478 bellum
996 3416 1073 3507 Gegi
1090 3426 1118 3478 et
1132 3417 1259 3500 lllagogi
1274 3417 1352 3481 effn-

130 3504 225 3584 giaut.
265 3504 383 3582 Quibus
408 3503 457 3565 alii
476 3505 569 3566 adbuc
595 3514 728 3586 quartum
747 3506 866 3580 addunt,
896 3507 933 3565 arl
958 3524 991 3566 se
1020 3522 1037 3565 a
1062 3504 1353 3586 perpessiouibueiu

131 3590 301 3672 sepulcuris
318 3591 534 3653 custodiendos.
563 3591 641 3653 Nihil
659 3590 756 3671 magis
774 3601 872 3653 amant
889 3594 1022 3666 sabbato,
1042 3612 1127 3671 quam
1140 3593 1352 3655 recreationem

18 3686 19 3697 ²
131 3688 220 3759 atquc
238 3677 425 3761 voluptatem,
452 3689 542 3740 tutum
569 3677 644 3739 diem
668 3678 724 3749 sibi
749 3681 784 3740 nd
811 3678 933 3740 delicias·
957 3678 1132 3741 destinatum
1158 3699 1224 3742 csse
1247 3678 1351 3741 existi-

130 3773 247 3827 mantes
262 3776 380 3846 propter
395 3765 619 3846 promissionem
644 3764 771 3828 utrinam
797 3766 871 3844 (les.
890 3763 942 3844 58,
963 3768 1039 3845 ts),
1066 3765 1116 3827 ubi
1133 3766 1215 3827 Deire
1229 3764 1352 3845 promit-

17 3892 19 3913 .
130 3851 172 3929 tit,
190 3853 346 3914 sabbatum
371 3853 409 3913 iis
426 3853 489 3914 lore
507 3852 536 3913 iu
554 3850 678 3914 deliciis.
709 3852 786 3914 Hinc
811 3853 934 3914 sabbato
960 3874 1045 3914 omne
1058 3850 1203 3933 jejunium
1221 3864 1249 3913 ct
1264 3850 1353 3933 plan-

130 3948 207 4000 etum
227 3939 361 4001 omittunt
378 3950 466 4021 utque
491 3941 653 4020 probibent.
688 3939 877 4000 Ecoutrario
902 3939 1139 4011 ambulationem,
1165 3940 1242 4018 quod
1268 3939 1353 4001 affert

129 4022 362 4105 delectationem,
387 4049 445 4089 uon
464 4026 558 4088 sulum
582 4025 760 4105 permittunt,
787 4028 838 4087 secl
864 4027 959 4103 etiam,
983 4045 1040 4107 quo
1058 4023 1180 4104 lougius
1201 4025 1352 4090 ambulare

17 4148 18 4155 ι
129 4112 252 4192 possint,
268 4114 326 4175 hoc
342 4115 371 4175 in
390 4115 523 4187 fraudem
539 4111 619 4193 legis
637 4113 842 4191 excogitarunt
857 4114 993 4174 medium.
1023 4112 1150 4174 Sumuut
1166 4112 1263 4175 cibum
1279 4115 1352 4177 sab-

127 4201 196 4262 bato
221 4203 351 4262 noudum
378 4202 514 4263 inchoato
538 4196 663 4279 eoumque
687 4199 717 4259 iu
742 4198 840 4264 locum
872 4199 919 4262 bis
943 4197 1022 4260 millu
1038 4218 1148 4281 passus
1165 4220 1184 4262 a
1201 4203 1296 4278 domo,
1321 4200 1352 4262 in

130 4307 188 4367 qua
205 4286 347 4365 habitant,
364 4288 518 4350 distantem
534 4285 633 4348 lerunt
656 4294 742 4365 atque
760 4286 956 4348 abscondunt.
993 4285 1082 4348 Hunc
1096 4284 1194 4349 locum
1212 4289 1248 4350 orl
1264 4287 1352 4350 babi-

128 4373 268 4437 maionem
293 4374 449 4451 destinant,
473 4374 503 4436 ia
521 4392 587 4436 eum
605 4372 727 4434 sabbato
751 4393 785 4435 se
812 4373 978 4450 conferunt,
1002 4373 1100 4439 eibum
1117 4394 1151 4437 eo
1168 4383 1351 4461 appormtaru

130 4461 218 4524 erlunt
234 4471 264 4524 et
279 4482 316 4524 eo
333 4459 485 4526 cou'sumto
501 4462 600 4528 adbuc
616 4458 662 4524 bis
679 4458 760 4523 mille
771 4479 880 4542 passus
896 4460 1018 4543 lougius
1032 4461 1174 4544 progredi
1190 4460 1249 4525 sibi
1260 4460 1350 4522 licere

174 4571 239 4618 Ther.
252 4569 359 4625 antiquitt.
372 4571 441 4621 emur,
453 4572 472 4616 1.
486 4578 503 4617 t.
974 4632 976 4641 ,
1107 4616 1110 4620 ,
1126 4566 1149 4624 7
