3150 5066
232 302 279 367 co
724 296 953 363 ιιιιιιιιιιιι
1044 379 1050 385 ‚

235 469 429 554 paralyticum
446 470 589 547 restituit,
613 492 671 553 qno
696 472 835 533 miraculo
851 472 934 551 ipse,
959 469 1010 552 qui
1033 470 1159 531 ducebat
1172 454 1332 544 iacobum,
1352 469 1451 533 iosias
1561 517 1562 520 ,

236 560 351 635 scriba,
367 558 421 619 luit
438 577 608 635 conversus,
625 571 656 619 ut
672 560 796 620 diceret:
813 561 923 633 dumio,
939 566 1046 620 ramme
1062 557 1143 631 milet!
1160 576 1244 638 quem
1257 555 1382 618 intuitus
1397 558 1450 619 ιιι-
1561 565 1562 568 ’

237 647 329 709 cobus
352 645 454 707 osculo
480 644 588 725 excipit
612 645 729 709 diceus:
757 653 823 706 Pon
846 648 910 719 tiit,
934 646 1040 720 frum!
1073 645 1140 722 Quo
1162 643 1240 706 dicto
1266 642 1451 708 Christianus
1561 679 1562 706 ι

235 733 331 795 lactus
348 753 406 793 una
422 753 487 793 eum
502 734 611 794 laccho
628 732 682 794 luit
697 729 871 809 decollatus,
900 743 973 794 teste
990 731 1122 793 Eusebio
1138 731 1205 794 hist.
1223 731 1297 793 eccl.
1313 728 1345 807 2,
1361 734 1393 794 9.
1410 767 1449 777 -

161 826 168 834 ’
238 819 267 903 §.
284 821 314 883 3.
332 817 403 880 Sine
420 817 508 879 dubio
525 831 622 880 autern
645 820 748 882 fabula
764 833 826 895 est,
850 823 926 900 quod
944 817 1089 880 Pontificii
1107 818 1138 878 in
1161 818 1239 879 huuc
1261 836 1359 898 nsque
1375 817 1450 883 diere

237 909 273 968 de
289 905 399 968 Jacobo
416 904 651 986 compostellano
668 905 698 967 in
715 906 881 987 Hispania,
904 909 940 968 ad
948 926 1043 1007 'quern
1060 907 1181 967 crebrae
1205 905 1300 966 adhuc
1315 906 1451 984 peregri-

237 992 372 1052 nationes
388 992 475 1069 liunt,
501 992 616 1073 garrire
638 992 742 1055 solent
775 995 885 1055 Dicunt
909 993 985 1054 enim
1000 995 1141 1055 Jacohum
1166 991 1259 1071 capite
1276 991 1453 1053 minutum

239 1075 395 1159 discipulis
413 1080 478 1141 nari
494 1080 678 1160 impositum,
703 1101 778 1160 quae
803 1080 887 1143 naus
910 1081 974 1142 siue
999 1080 1085 1142 remis
1103 1090 1130 1141 et
1155 1078 1228 1140 uelis
1251 1080 1326 1140 duee
1332 1079 1450 1158 angelo
1562 1080 1563 1161 ζ

238 1165 463 1247 compostellam
480 1166 569 1230 fucrit
586 1169 691 1230 delata.
724 1168 797 1230 Cum
813 1155 955 1230 adlittus
966 1166 1023 1228 fuit
1039 1178 1223 1247 perventum,
1240 1165 1343 1247 ajunt,
1359 1165 1450 1228 disci·

186 1256 197 1263 ”
238 1253 325 1335 pulos
349 1254 452 1316 iacobi
475 1256 510 1315 ad
535 1254 669 1335 reginam
694 1255 909 1336 Compostellac
936 1255 1081 1335 migrasse
1108 1264 1137 1314 et
1160 1252 1287 1315 dixisse:
1313 1260 1452 1327 Dominus

237 1352 331 1403 noster
345 1347 375 1401 J.
393 1346 424 1404 0.
440 1343 630 1422 dissipationi
645 1364 746 1421 eorpus
761 1345 811 1404 tihi
826 1349 925 1417 nrdttt,
941 1351 989 1413 ot,
1012 1363 1090 1420 quent
1112 1347 1204 1402 uiuum
1220 1342 1352 1416 uoluisti,
1377 1362 1451 1402 ιιιιιι·

237 1439 315 1490 urum
338 1436 466 1506 recipies.
500 1430 573 1488 Mox
599 1428 730 1507 reginam
756 1428 924 1489 surrexisse
949 1437 977 1489 et
993 1427 1132 1507 palatium
1156 1426 1290 1488 suumin
1313 1426 1451 1508 templum

221 1515 275 1575 t).
292 1514 392 1575 iacobi
412 1513 591 1574 convertisse
608 1524 636 1575 et
658 1517 736 1574 hunc
760 1515 923 1599 apostolum
946 1513 1053 1575 ahhinc
1070 1511 1287 1594 Compostcllae
1308 1514 1454 1596 sepultum

239 1610 297 1662 toto
317 1604 386 1661 orbe
403 1600 557 1676 claruisse,
575 1622 697 1680 quorurn
715 1602 841 1662 omnium
858 1601 929 1663 fides
946 1602 985 1662 sit
1002 1620 1093 1680 penes
1109 1612 1268 1663 auctorem.

254 1726 257 1731 -
326 1688 486 1748 Festum
528 1699 759 1749 catenarum
795 1688 913 1749 Petri.
962 1687 1037 1768 lpsis
1069 1689 1131 1751 hal.
1158 1686 1279 1767 augusti
1306 1686 1454 1748 Pontificii
1562 1734 1563 1753 ι

239 1773 361 1835 solenne
378 1775 486 1834 hahent
501 1772 606 1834 lesturu
624 1787 792 1836 catenarum
810 1774 905 1848 Petri,
923 1796 1040 1860 cujus
1025 1797 1068 1837 rur
1085 1775 1213 1837 rationes
1228 1783 1352 1854 quatuor
1367 1794 1453 1835 com
1562 1832 1563 1839 ,

238 1871 408 1922 memorant.
439 1860 536 1921 Prima
553 1873 606 1936 est
624 1874 656 1922 ut
672 1862 887 1923 memoriamS
900 1862 1003 1937 Petri,
1020 1884 1038 1923 a
1052 1861 1180 1924 mucules
1197 1861 1241 1922 vel
1260 1859 1371 1922 catenis
1388 1860 1453 1923 He
1544 1880 1548 1886 ·

238 1947 526 2028 rodiauisredempti
544 1953 624 2010 etah
646 1950 755 2030 angelo
772 1971 788 2010 e
805 1968 923 2010 carcere
941 1950 1053 2024 educti,
1071 1957 1231 2029 peragunt,
1255 1947 1452 2029 quamhistu
1562 1940 1563 1973 ³

238 2036 312 2097 riaru
328 2033 429 2114 legere
446 2046 492 2096 est
508 2037 571 2096 Act.
594 2035 642 2110 12,
659 2038 689 2097 6.
721 2037 819 2098 Altera
844 2037 917 2097 ratio
934 2048 1007 2109 ests
1021 2046 1053 2096 ut
1069 2037 1211 2096 honorent
1224 2045 1346 2096 catenas
1364 2034 1453 2112 Petri,

240 2124 347 2204 quihus
366 2123 477 2184 Romae
495 2124 753 2205 sutheronelssuit
770 2123 954 2183 constrictus.
987 2123 1051 2182 Has
1076 2123 1152 2183 enirn
1176 2133 1303 2202 tempore
1320 2121 1453 2183 Alexan-
1562 2164 1563 2189 ι

240 2210 284 2269 dri
301 2228 396 2288 papae
410 2209 489 2268 circa
504 2230 532 2268 a.
551 2209 620 2270 Chr.
642 2212 711 2269 121.
731 2222 861 2288 repertas
878 2208 987 2269 dicunt.
1021 2209 1094 2268 Nam
1113 2231 1179 2270 curn
1195 2208 1361 2270 Alexander
1377 2228 1454 2289 papa
1562 2220 1563 2261 f

207 2314 209 2323 ι
238 2295 268 2354 ιιι
288 2314 405 2353 caruere
422 2293 614 2367 esset,lertur
630 2293 949 2373 puellanohilistactu
966 2295 1133 2356 catenarum
1145 2295 1454 2357 Alexandriastruma
1562 2304 1563 2373 ᾗ

235 2378 364 2467 <liberata
386 2400 510 2460 cumque
525 2379 625 2459 puella
641 2392 760 2443 catenas
776 2382 841 2462 ejus
859 2381 970 2443 osculis
986 2382 1149 2458 honoraret,
1172 2390 1320 2461 parentem
1338 2382 1454 2461 puellae
1477 2432 1483 2445 .

236 2467 406 2530 allexander
428 2468 532 2549 jussit,
557 2478 590 2529 nt
614 2479 733 2530 catenas
765 2467 843 2529 Petri
868 2469 981 2531 Romae
1005 2480 1173 2550 quaererem
1199 2469 1307 2550 quibus
1331 2467 1455 2549 repertis
1484 2513 1490 2517 -

239 2555 408 2618 Alexander
433 2556 508 2616 diem
535 2556 646 2617 catenis
671 2554 821 2625 solennem
839 2550 920 2619 dixit
955 2556 1059 2621 Tertia
1075 2558 1149 2618 ratio
1167 2568 1226 2632 est,
1243 2565 1276 2617 ut
1294 2555 1455 2617 solennitas
1562 2580 1563 2631 ι

238 2643 355 2704 ethnica
380 2644 507 2720 Augusti
538 2643 693 2720 Caesaris,
718 2644 765 2705 cui
790 2643 858 2704 olim
883 2644 994 2705 mensis
1018 2647 1173 2723 Augustus
1199 2655 1260 2704 erat
1290 2663 1392 2715 sacer,
1422 2641 1455 2702 iu
1562 2640 1563 2697 l

239 2728 346 2787 festum
375 2729 562 2787 christianum
588 2743 746 2789 mutaretur
771 2740 799 2790 et
819 2742 852 2791 ut
876 2728 1037 2792 solennitas
1060 2731 1139 2791 Petri
1163 2729 1318 2809 piscatoris
1336 2728 1458 2798 ‘tolleret
1562 2736 1563 2811 J

239 2812 441 2874 solennitatem
459 2814 585 2889 Augusti
611 2815 679 2891 imp.
699 2825 726 2873 ct
742 2825 844 2873 catena
861 2816 939 2874 Petri
967 2817 1076 2875 deleret
1101 2828 1230 2895 torquem
1249 2815 1399 2893 Augusti·
1417 2815 1457 2876 Et

240 2899 289 2979 qui
313 2898 390 2957 hane
407 2897 546 2956 rationem
566 2901 702 2970 reddunt,
728 2905 859 2958 statuunt
873 2899 979 2958 festum
1005 2907 1171 2958 catenauurn
1188 2900 1267 2958 Petri
1293 2911 1360 2959 aute
1377 2903 1456 2961 med.

237 2984 352 3047 sec..ll
369 2983 574 3054 ahEudoxia,
600 2947 762 3042 Theodosii
780 2983 924 3062 conjuge,
948 2983 1120 3045 institutum.
1153 2983 1209 3043 Est
1231 2983 1355 3061 denique
1378 2985 1457 3046 ratio

238 3070 305 3131 festi
331 3081 499 3131 catenarum
516 3068 593 3128 Petri
612 3066 743 3150 mystica.
773 3069 808 3130 N
802 3089 847 3129 rm
864 3070 983 3129 hoodie
1000 3069 1106 3149 populo
1124 3071 1236 3130 Rornae
1254 3080 1357 3130 catena
1373 3068 1455 3141 Petri

173 3204 176 3214 ,
236 3157 408 3239 ostenditur,
428 3168 458 3215 ut
473 3155 662 3230 rueouincrint,
679 3157 765 3217 Petro
782 3155 895 3236 ligandi
912 3177 948 3217 ac
965 3157 1095 3218 solvendi
1114 3165 1281 3237 potestatem
1300 3177 1318 3217 a
1335 3155 1455 3219 Christo

238 3244 372 3305 traditam
388 3262 473 3319 esse,
500 3255 527 3303 et
543 3253 574 3304 ut
589 3244 724 3304 invocent
740 3244 857 3304 Petrum
875 3246 911 3304 ad
936 3254 1121 3324 peccatorum
1145 3243 1277 3308 uincula
1281 3243 1454 3306 relaxanda.

233 3333 354 3393 ἨιιΙιιιιι
369 3291 513 3391 Pontilicii
531 3339 656 3393 catenas
666 3331 732 3392 illas
749 3331 851 3392 Petri
842 3353 871 3390 ιιι
891 3339 969 3392 tanto
986 3332 1113 3407 honore,
1130 3340 1163 3392 ut
1179 3331 1314 3410 singulos
1341 3330 1454 3392 aitiuu
1506 3408 1510 3411 ¹

164 3425 169 3431 '
236 3418 284 3478 los
308 3415 389 3477 illius
414 3430 535 3478 catenae
556 3419 631 3479 leste
658 3419 708 3477 ditr
688 3439 764 3497 gnos
787 3430 935 3480 censeant.
973 3418 1038 3483 llid.
1062 3419 1195 3479 Duraud.
1219 3419 1289 3481 Rat.
1311 3428 1397 3499 temp.
1423 3421 1454 3480 7.
1483 3423 1499 3440 “

238 3505 346 3567 Verum
364 3501 584 3581 valderereor,
607 3526 644 3566 ne
663 3493 826 3585 Pontificii,
850 3508 918 3567 dum
937 3505 1152 3568 catenasPetri
1175 3507 1316 3582 adorant,
1341 3504 1480 3587 catenisx

236 3591 465 3654 tenebrar'urn
441 3590 542 3652 vruciri
561 3605 783 3653 mercantum·

264 3681 481 3740 Festum
512 3680 772 3742 ascensionis
803 3680 966 3742 Mariae,
1006 3656 1110 3740 incidit
1140 3679 1203 3740 dies
1228 3676 1281 3740 ille
1305 3672 1433 3741 iustus
1423 3699 1455 3738 ru

236 3710 316 3829 diem
341 3765 483 3828 decimum
509 3766 639 3844 quintum
667 3767 784 3845 augusti
818 3771 977 3847 eodemque
1003 3765 1138 3828 ascensio
1162 3764 1311 3827 Mariae
1301 3785 1332 3837 ιιι
1356 3764 1455 3826 coelos

234 3853 356 3934 publice
386 3866 577 3926 memoratur,
612 3853 695 3913 uhi
686 3852 819 3932 inprimis
840 3854 963 3915 studiosi
980 3872 1022 3915 ss.
1047 3852 1156 3935 antiqq.
1180 3852 1290 3929 sciant,
1316 3852 1393 3933 quod
1418 3853 1454 3912 de
1495 3854 1497 3865 '

203 4012 207 4020 ἢ
236 3938 790 4020 obituh.llrrg1nrsohm1uecclesia
812 3940 911 4002 variae
934 3940 1096 4002 sentehtiae
1118 3939 1235 4001 luerint.
1268 3936 1455 4000 alituru-
1550 3956 1553 3961 ·

130 4024 137 4031 ⁸
238 4025 337 4104 gineth
355 4026 543 4088 immortalem
562 4025 755 4102 cred1deruut‚
772 4027 875 4106 quales
890 4028 1012 4088 fuerunt
1026 4025 1225 4107 collyridiaui,
1243 4024 1292 4105 qui
1312 4027 1339 4086 ιι.
1352 4016 1455 4103 Virgi-

137 4191 144 4197 ·
239 4131 307 4171 nera
323 4128 381 4170 non
398 4122 507 4174 tanturn
522 4104 626 4174 diurno
642 4113 724 4174 cultu
734 4113 839 4190 oblatis
851 4111 1036 4194 placentulas,
1050 4134 1123 4193 quas
1136 4111 1298 4208 collyridas
1302 4120 1456 4210 vocarunt,

237 4194 579 4276 honoraresolitisuut‚
605 4203 702 4262 sedet
723 4221 810 4301 porro
827 4202 1002 4278 docueruut,
1025 4199 1150 4261 Mariam
1175 4199 1261 4259 nohis
1284 4185 1455 4275 hpooricruta
1476 4202 1480 4211 ‘

173 4278 176 4284 ’
239 4303 299 4344 nuu
325 4282 419 4343 fuisse
445 4304 499 4344 nec
515 4286 646 4363 potuisse
662 4286 752 4364 mori,
778 4290 855 4368 quod
871 4286 1055 4367 Epiphanius
1079 4283 1187 4346 refellit
1211 4280 1455 4346 caecantia

233 4373 268 4447 ιι.
285 4369 435 4451 Virginem
453 4367 603 4430 mortalem
622 4373 737 4453 quidem
753 4378 805 4434 sed
823 4394 972 4454 nunquam
999 4368 1139 4433 munuum
1164 4371 1317 4451 vivamque
1332 4369 1362 4429 in
1381 4390 1453 4432 coc·
1562 4386 1563 4425 ι

239 4458 286 4522 los
300 4456 482 4537 ascendisse,
498 4456 621 4539 proinde
638 4469 669 4521 ut
684 4446 793 4522 Enoch
803 4470 832 4522 et
846 4461 945 4540 Elias,
972 4458 1156 4543 existimant.
1176 4456 1245 4538 dlii,
1263 4461 1352 4540 (quac
1367 4474 1453 4519 com·
1467 4478 1486 4513 a
