3144 5056
209 252 275 321 ιω
644 246 981 318 'semronma-

210 419 405 510 girsiini*)
427 422 544 487 verbis:
576 429 673 487 Notis
687 435 780 489 oreae
796 428 924 495 meum
945 428 1067 492 traditor
1082 429 1114 491 8.
1129 431 1186 492 tul.
1205 431 1270 506 iae.
1304 428 1429 492 Deinde

210 509 588 597 cbryeosieman“)
611 512 748 590 excitam,
771 512 839 594 qni,
861 513 1028 593 Musaeo,
1051 515 1102 586 ait.
1120 516 1229 583 babere
1246 516 1326 578 bunc
1343 515 1429 578 diem

207 594 382 664 clauderet
398 618 435 663 ex
451 597 560 662 tabulis
574 618 686 661 cessus
710 600 869 681 Augustei.
899 602 965 664 Hoc
977 622 985 666 τ
997 595 1123 666 droca
1139 613 1168 666 et
1184 600 1279 665 illud:
1295 603 1429 666 traditur

209 701 345 754 nemruu
363 686 454 750 altero
470 687 592 765 gravius
610 695 664 749 est.
702 687 851 751 llebnerat
866 709 956 751 unum
979 689 1084 752 saliem
1108 690 1259 753 naniam
1283 691 1425 773 Chryse-

210 788 339 853 setmus,
372 773 422 857 qui
446 773 562 836 tabulae
588 774 664 838 isias
687 774 868 857 inspexisset
891 797 1055 859 nomenque
1079 777 1187 841 Obristi
1210 788 1239 841 et
1262 778 1431 841 nativitatis

211 866 276 947 ejus
292 864 367 925 dicia
383 861 433 923 ibi‘
445 861 567 923 relatam
584 860 714 940 legisset.
749 864 855 925 Nonne
870 862 1013 927 miraculo
1031 874 1085 942 est,
1101 886 1155 928 eas
1171 865 1200 927 in
1226 873 1307 927 tanta
1323 887 1430 928 rerum

208 948 411 1014 vicissitudine
427 967 463 1010 ae
478 948 576 1030 potius
593 942 785 1013 ronre‘rsione
802 952 839 1012 ab
855 950 974 1014 interitu
989 951 1084 1014 tuisse
1108 953 1319 1017 conservatas?
1358 955 1431 1016 Dc-

210 1060 284 1115 ·ue,
302 1047 489 1100 conservatas
505 1035 602 1099 tuisse
618 1048 706 1119 atque
721 1039 796 1101 adeo
820 1037 1004 1103 Christianos
1028 1060 1127 1102 carum
1151 1041 1342 1103 videndarum
1368 1062 1429 1103 co-

209 1126 288 1208 piam
306 1124 464 1201 habuisset
495 1144 592 1187 nouae
609 1145 628 1186 a
644 1125 744 1206 specie
766 1127 827 1188 reri
844 1127 989 1202 abhorret,
1006 1127 1052 1191 bis
1069 1149 1178 1191 census
1189 1128 1356 1207 Quiriniapi
1373 1139 1430 1191 ta-

211 1213 288 1279 bulis
306 1213 434 1276 omnium
450 1223 479 1274 et
494 1211 679 1292 singulorum
697 1213 841 1276 insanium
860 1235 962 1276 recens
980 1225 1112 1278 natorum
1129 1227 1157 1278 et
1174 1204 1282 1278 aunum
1301 1226 1328 1278 ci
1344 1207 1428 1278 dican

210 1312 239 1366 et
253 1302 371 1365 nomina
385 1298 481 1363 fuisse
498 1300 735 1381 comprehensal
767 1300 873 1364 Nonne
889 1301 963 1364 iliud
987 1302 1113 1384 deniqne
1137 1304 1270 1385 precario
1286 1302 1427 1381 sumitur,
1500 1374 1506 1389 Ι

210 1390 369 1466 Christum,
386 1398 540 1469 antequam
558 1398 693 1468 parentes
719 1389 784 1467 ejus
801 1384 933 1451 nomioa‘
945 1410 1001 1452 sua
1025 1388 1245 1472 profiterentur,
1269 1390 1301 1453 in
1325 1390 1429 1454 lucem

173 1510 179 1515 ·
208 1487 379 1555 susceptum
396 1475 487 1537 assei
1168 1490 1172 1497 ·
1296 1518 1301 1532 ,
1486 1550 1492 1557 ι

273 1564 370 1625 ·Nam
394 1581 454 1623 uon
477 1569 523 1624 est
548 1563 584 1623 do
607 1559 709 1638 nihilo,
735 1561 895 1642 scriptores
918 1583 1030 1639 sacros,
1049 1585 1138 1646 quum
1156 1586 1194 1627 ex
1210 1564 1307 1626 Maria
1321 1573 1430 1626 uatum

209 1652 348 1734 optimum
367 1651 553 1712 servatorem
571 1660 812 1725 commemorant,
829 1670 926 1731 neque
944 1671 1053 1714 annum
1070 1672 1165 1734 neque
1183 1673 1310 1714 mensem
1325 1673 1430 1731 neque

209 1742 295 1818 diem,
324 1758 384 1821 quo
409 1736 504 1800 editus
529 1748 588 1829 eei,
606 1736 770 1819 prodidisse
780 1735 852 1818 m).
890 1739 957 1802 Non
979 1738 1027 1803 bie
1049 1739 1228 1823 quaerimus,
1245 1761 1316 1817 cnr,
1330 1760 1430 1821 quum

205 1904 454 1919 *w

279 1997 308 2062 *)
328 1996 360 2049 dfl
378 1998 461 2047 trinit·
480 1993 507 2058 4,
527 1997 553 2048 5·
1416 2060 1419 2061 V

279 2065 327 2134 **)
353 2065 446 2119 iiomii.
471 2064 515 2117 33.
544 2062 582 2126 (in
612 2059 707 2112 Beoed.
734 2058 799 2127 tipp.
821 2056 853 2110 ii.
875 2058 908 2110 ll.
930 2077 956 2127 p.
983 2057 1058 2125 354.)
1084 2061 1130 2112 ubi
1148 2061 1253 2114 scribit:
1286 2055 1358 2112 citor
1377 2063 1430 2112 arei

209 2131 277 2199 αΐτη
295 2127 392 2201 ἡμέρα,
412 2128 489 2196 παρὰ
506 2127 562 2198 μὲν
578 2130 635 2185 τοῖς
654 2125 705 2191 τὴν
722 2127 845 2193 ἑσπέραν
861 2128 987 2178 οἰκοῦσιν
1007 2124 1119 2180 ἄνωθεν
1138 2131 1334 2199 pampitonem,
1354 2128 1430 2196 πρὸς

208 2200 281 2265 ἡμᾶς
296 2201 327 2252 oi
346 2203 511 2269 κομισθεῖσα
531 2197 591 2261 νῦν,
611 2195 658 2245 καὶ
676 2192 710 2247 οὗ
728 2192 783 2262 πρὸ
802 2195 918 2246 πολλῶν
942 2197 1012 2248 ἐτῶν
1036 2191 1147 2266 cidpo'ov
1164 2193 1251 2257 οὕτως
1271 2195 1426 2270 ἀνέδραμε.

207 2273 265 2324 ast.
310 2271 361 2321 Sed
389 2275 429 2321 eat
451 2282 521 2318 mern
548 2264 714 2330 conjectura,
742 2280 808 2331 qna,
829 2271 859 2315 ut
876 2274 935 2318 erut
953 2282 1060 2332 magnus
1081 2275 1179 2333 orator,
1200 2269 1375 2334 augustiorem
1399 2273 1429 2322 ei

207 2342 259 2394 diei
279 2335 485 2404 bonorem‘apud
505 2350 566 2386 suos
587 2334 727 2386 conciliare
744 2333 836 2384 voluit.
873 2333 1014 2388 Praeterea
1038 2337 1070 2387 de
1096 2343 1211 2405 tempore
1235 2345 1335 2389 tantum
1354 2339 1427 2391 iilius

197 2425 300 2463 census
312 2407 446 2475 loquitur,
468 2405 534 2474 quod
556 2405 602 2471 nit,
625 2419 658 2454 ex
677 2402 716 2454 bis
735 2402 831 2453 tubulis
853 2404 967 2469 perfecie
986 2406 1113 2473 planeque
1131 2408 1250 2470 cognosci
1268 2422 1358 2473 posse:
1377 2410 1428 2458 καὶ

207 2482 264 2537 τοῖς
281 2475 406 2546 ἀρχαίοις
422 2477 478 2533 τοῖς
498 2472 619 2557 δημοσίᾳ
637 2472 773 2541 κειμένοις
792 2465 906 2531 additia
918 2473 965 2526 iai
984 2475 1029 2537 τῆς
1044 2468 1142 2544 Ρώμης
1157 2474 1261 2534 ἔξεστιν
1273 2469 1441 2545 deceptiores*

145 2606 155 2611 ,
206 2550 254 2602 καὶ
272 2544 321 2598 τὸν
339 2542 438 2615 καιρὸν
457 2544 505 2607 τῆς
522 2541 693 2610 ααογραῳῆς
708 2534 840 2608 μαθόντα
860 2538 987 2610 circuibitis,
1007 2541 1109 2596 εἰδέναι
1128 2539 1179 2595 τὸν
1194 2537 1376 2614 βουλόμενον.
1390 2579 1429 2590 -.

207 2615 400 2670 Edmnndus
418 2611 576 2665 Matiene
597 2614 645 2665 rii.
674 2620 723 2668 oei.
748 2613 810 2663 eccl.
839 2618 901 2663 tom.
919 2615 935 2666 3
954 2628 979 2678 p.
999 2613 1042 2666 90.
1064 2629 1097 2664 cx
1115 2612 1353 2665 hac'anaunis
1370 2613 1456 2681 llug

205 2685 277 2738 milia
302 2690 421 2734 constare
440 2687 530 2747 putei,
559 2680 614 2745 jam
638 2680 697 2730 inde
716 2695 730 2730 a
752 2681 841 2746 primis
861 2681 1018 2747 temporibus
1038 2682 1175 2747 ecclesiae,
1196 2683 1324 2734 communi
1343 2698 1428 2751 pupu-

204 2754 288 2803 lorum
309 2763 445 2811 consensu,
466 2763 515 2796 nou
533 2750 608 2798 modo
629 2747 775 2798 institutum
796 2749 877 2798 luisse
895 2748 988 2800 testum
1004 2748 1222 2815 natalisllomiui,
1242 2752 1427 2803 verumetiam

165 2840 172 2845 ·
205 2817 366 2873 sollennitaii
385 2816 441 2881 ejus
460 2815 527 2887 bnpc
547 2815 709 2877 adsignatum
729 2816 795 2864 diem
817 2819 859 2866 25.
881 2816 937 2865 dcc.
964 2815 1029 2866 Nam
1054 2820 1248 2870 commemorari
1274 2836 1290 2870 a
1313 2819 1428 2888 Chry·

205 2894 360 2938 sostomo
382 2899 438 2935 eum
460 2883 526 2935 diem
545 2883 612 2947 apud
633 2896 721 2931 omnes
740 2882 881 2948 populosa
904 2881 1017 2935 Thracia
1037 2899 1117 2949 usquc
1137 2885 1168 2935 ed
1188 2885 1327 2939 Gades'ab
1347 2889 1427 2940 initio

205 2956 292 3008 atatim
306 2953 473 3013 celebratum,
493 2951 677 3016 eundemquen
692 2947 812 3000 llomania
831 2965 863 3001 ex
882 2950 971 3001 codiee
989 2950 1058 3001 iilius
1074 2952 1172 3015 judaiei
1194 2968 1286 3003 census
1305 2958 1427 3017 agnitum

205 3024 295 3078 inisse.
333 3021 405 3088 Quod
426 3020 457 3071 ab
484 3019 585 3071 bomine
608 3017 739 3086 pontificio
764 3017 834 3068 credi
853 3025 880 3068 et
900 3019 980 3086 arripi
998 3035 1046 3069 uon
1065 3018 1209 3070 mirandum
1228 3027 1286 3084 est3
1307 3029 1336 3070 ai
1357 3026 1430 3077 illud

201 3095 300 3162 juetam
320 3090 515 3143 admirationem
530 3088 619 3152 babet,
642 3088 708 3155 quod
718 3085 743 3138 i.
763 3086 794 3137 Α.
809 3087 947 3151 Benselius
965 3103 1022 3139 eam
1036 3095 1124 3139 coetus
1138 3086 1247 3139 Romani
1265 3092 1429 3147 senientiam

205 3164 236 3216 de
253 3163 366 3225 Christo,
380 3158 483 3214 diets.
502 3158 558 3211 dcc.
573 3165 643 3223 nato,
660 3155 861 3224 amplectendam
877 3156 975 3217 sciscit,
995 3165 1023 3209 et
1038 3154 1245 3209 Wilbelmus
1261 3156 1426 3223 bangius

205 3232 236 3286 dc
260 3232 334 3284 annis
361 3228 458 3282 Cbrisii
482 3245 508 3297 p.
527 3231 588 3282 357.
616 3226 723 3278 candem
749 3242 798 3276 uon
822 3225 876 3289 jam
901 3225 1148 3308 verisimilem‚·scd
1165 3241 1253 3278 veram
1273 3243 1303 3278 ac
1323 3237 1426 3283 certam

204 3293 1151 3433 titillat?,iiibittttitellittititltiit
1170 3295 1425 3430 iitiialtii?

204 3450 269 3507 quae
299 3452 314 3487 a
339 3435 398 3489 Tito
426 3434 489 3501 imp.
520 3434 705 3502 Hierosolymis
730 3431 834 3483 Romani
863 3434 1000 3499 deportata
1026 3432 1122 3485 Julium
1149 3450 1175 3501 p.
1204 3451 1227 3484 r.
1247 3434 1421 3500 consuluisse,

203 3520 310 3572 magnus
332 3519 347 3555 a
367 3503 534 3556 fabulositate
553 3508 645 3554 auctor
662 3501 844 3554 iohannes
864 3499 1044 3557 Niciaenus
1065 3503 1167 3568 scribit,
1187 3502 1424 3556 fidemnobislece·

203 3577 256 3630 rint
273 3576 305 3627 de
326 3574 367 3626 die
385 3576 411 3627 8.
432 3572 484 3624 lrul.
506 3572 557 3624 'an
592 3602 594 3609 t
1445 3618 1451 3626 Ι

272 3640 336 3712 ***)
353 3642 454 3694 Adsunt
471 3590 572 3707 quidem
591 3642 757 3708 characteres
776 3640 960 3709 chronologici.
998 3637 1063 3691 Nem
1082 3637 1205 3691 Christus
1224 3647 1300 3692 natus
1320 3648 1360 3692 cst
1377 3642 1423 3693 im·

202 3723 310 3785 perante
329 3712 445 3778 Augusto
464 3709 586 3776 Caesare,
611 3725 660 3776 quo
680 3716 795 3776 tempore
814 3723 906 3760 census
926 3707 1215 3774 agebatur‚·Quiriuius
1233 3709 1326 3774 Syriae
1348 3725 1422 3777 prae-

203 3787 305 3838 sidebat
334 3790 361 3836 et
385 3780 499 3834 llcrodes
524 3776 559 3831 ii.
589 3780 672 3830 adbuc
692 3778 718 3829 in
736 3778 802 3829 vivis
823 3783 889 3831 erat.
925 3777 1041 3845 lienique
1060 3776 1179 3829 Christus
1198 3793 1294 3829 annum
1325 3780 1420 3830 aetatis

178 3864 184 3879 ‘
203 3868 282 3916 agens
303 3851 472 3916 tricesimum,
490 3848 533 3916 qni
556 3848 647 3901 incidit
661 3849 688 3899 io
707 3846 806 3900 Tiberii
827 3846 947 3899 Caesaris
965 3862 1060 3899 annum
1078 3846 1180 3914 imperil
1201 3848 1328 3898 decimum
1349 3848 1422 3914 quin-

202 3927 273 3984 tum,
299 3937 401 3974 sucrum
424 3933 516 3973 munus
542 3918 767 3985 auspicatuaest.
803 3916 852 3967 Sed
879 3924 970 3968 contre
997 3917 1049 3967 bae
1069 3914 1221 3967 oboriuntur
1241 3915 1419 3967 difficultates.

149 3989 158 3997 '
202 3986 298 4038 Incerti
327 3998 403 4054 snut,
436 3990 479 4057 qui
504 3988 546 4040 bio
572 3987 604 4038 nd
634 3986 747 4037 calculos
766 3986 867 4050 sedent,
889 4001 920 4036 an
940 3985 1041 4053 imperii
1060 3984 1185 4048 Augustei
1205 3999 1319 4047 annosa
1338 3985 1420 4037 coede

200 4053 263 4106 iulii
280 4054 410 4121 Caesaris,
430 4075 462 4108 an
482 4074 497 4110 n
513 4058 594 4126 primo
611 4054 749 4107 Octaviani
767 4054 913 4119 consulein,
934 4071 966 4109 an
982 4069 998 4106 a
1012 4054 1096 4121 primo
1113 4054 1170 4118 ejus
1186 4054 1353 4105 triumviratu
1374 4067 1422 4104 nu·

201 4136 302 4175 merare
322 4122 373 4173 inci
392 4126 456 4176 ient.
481 4125 623 4177 lintribus
641 4123 692 4175 illis
710 4123 753 4175 vel
771 4131 883 4190 quatuor
901 4124 933 4174 ab
951 4123 1068 4188 Augusto
1087 4121 1164 4172 lactis
1181 4122 1207 4173 iu
1228 4121 1290 4174 orbe
1310 4137 1419 4173 romano

201 4139 426 4257 descriptionliha,
446 4208 510 4258 quaa
530 4193 645 4245 historici
663 4200 816 4259 memorant,
836 4191 907 4244 nulla
925 4200 974 4258 esi,
993 4207 1060 4260 quae
1078 4191 1103 4241 in
1124 4190 1171 4242 boc
1189 4196 1291 4258 tempus
1308 4191 1425 4242 incidet*

200 4256 266 4311 Vide
289 4259 371 4324 putris
397 4262 447 4308 mei
475 4260 584 4313 Gottl.
611 4256 858 4313 Wernsdorlii
879 4261 945 4328 disp.
964 4261 997 4314 dc
1018 4275 1106 4325 ceusu,
1125 4274 1199 4328 pereae
1223 4261 1301 4312 caes.
1324 4262 1418 4313 Octao.

199 4326 266 4394 dep.
286 4332 401 4396 tempore
421 4329 572 4381 nativitatis
591 4328 691 4385 cinari
708 4347 757 4396 per
773 4331 861 4383 ortuo
880 4338 1013 4384 terraram
1030 4330 1103 4395 sccii.
1140 4325 1228 4378 Vliet.
1249 4328 1325 4383 1693.
1347 4334 1375 4380 et
1388 4327 1418 4379 n.

200 4394 231 4449 C.
249 4392 334 4447 iiioi
345 4395 414 4460 ard,
434 4397 466 4449 de
484 4400 683 4461 ceoeodupoeti
701 4401 824 4450 uniuerso
841 4400 939 4451 iudicio
958 4398 1022 4450 ibid.
1042 4395 1117 4451 ¹704.
1140 4394 1226 4461 Quare
1242 4412 1319 4464 quum
1338 4394 1421 4446 πᾶσα

199 4461 349 4535 disceptas
367 4463 495 4519 interdum
515 4462 689 4519 Palaestinam
706 4471 807 4518 tantum
825 4467 948 4536 denotet,
967 4466 1012 4521 elii
1029 4464 1192 4536 peculiarem
1222 4466 1317 4521 riuum
1335 4464 1419 4520 liero-
