3150 5066
569 270 606 365 de
625 287 702 365 leste
726 298 921 366 mansionis.
976 279 995 389 ⁵,
1176 270 1200 327 ν·
1309 296 1355 369 bb

125 480 318 560 Mantus.
344 475 492 541 Pontifioii
504 477 561 541 boo
570 477 647 541 lesio
659 475 751 540 multa
760 475 886 539 ridicula
896 471 1019 539 fseiunl.
1044 473 1148 537 Rslert
1160 473 1238 536 enirn
1248 472 1357 538 'diem
1392 502 1398 515 .

118 568 308 647 ,Neogeorg
325 565 356 627 in
369 564 469 646 Roga.
486 565 591 647 pupist.
607 564 648 644 4.,
665 567 742 646 quod
758 565 880 627 infesto
896 561 1081 626 ascensionis
1096 561 1256 643 quemlibet
1270 561 1356 624 solu·
1459 597 1464 607 ·

128 676 213 719 orem
239 653 393 717 comedere
412 652 582 735 oportuerit.
615 654 719 715 Addit:
743 655 820 714 bnad
835 659 894 715 scio
909 656 966 733 qao
988 660 1110 732 amour.
1142 650 1213 710 ltcur
1231 650 1356 730 quadiu

33 748 36 753 ’
129 732 254 823 templis
270 740 388 821 pesitus
402 739 443 801 sit
458 750 591 814 truncus,
603 740 653 821 qui
665 740 814 803 Christum
826 739 937 802 scierat
949 749 978 801 et
992 758 1111 800 sursum
1128 736 1218 798 lussit
1233 745 1356 815 nactus,

131 851 194 911 quo
212 837 332 909 peracto
360 828 460 907 imago
479 827 681 902 Satanac'luit
703 829 798 909 ejecta
823 837 851 889 ct
873 827 1031 908 discerpta.
1063 825 1133 887 ltere
1157 826 1233 906 quad
1249 845 1288 886 ex
1302 845 1357 886 sn-

131 914 245 998 periori
261 912 370 995 ¹lesnplo
388 915 504 979 oblatae
519 915 629 977 luerint
643 934 784 996 sparsae,
802 934 876 995 quas
894 917 961 977 dura
980 912 1105 999 populns
1122 920 1310 993 captatoque
1325 911 1358 972 iu

132 1024 189 1067 eos
206 1000 403 1083 protenditur.
439 1006 575 1080 naalma,
591 1004 696 1084 inquit,
712 1005 810 1080 mbas
824 1024 925 1082 mopso
940 1004 1046 1079 sabella
1063 1003 1207 1062 scoliam.
1383 1006 1389 1011 “

223 1089 319 1151 Dies
344 1090 606 1170 rogationum.
653 1090 741 1153 Circa
757 1111 786 1154 a.
802 1089 871 1153 Glar.
886 1088 962 1152 446.
979 1088 1111 1153 Viennae
1127 1088 1157 1146 in
1176 1083 1275 1148 Gallis
1290 1105 1358 1147 ore·

65 1192 68 1197 ·
134 1178 194 1239 bus
209 1176 499 1254 imminuendis,
524 1177 637 1240 assidui
648 1198 652 1206 ·
663 1187 757 1239 terrae
775 1187 870 1239 molus
893 1186 921 1237 ct
937 1176 1071 1238 nocturni
1088 1175 1220 1248 sonitus,
1244 1171 1316 1254 quin
1330 1181 1359 1234 st

134 1262 205 1344 lupi
220 1262 297 1327 inter
309 1264 421 1325 modios
437 1263 572 1327 homiues
589 1265 619 1325 in
629 1265 695 1345 ipsa
711 1267 785 1327 urbe
797 1265 1063 1326 circumcurrcruut
1079 1259 1360 1344 coeqnelaaiaruut.

136 1352 226 1429 Quae
244 1350 341 1412 omnia
354 1371 461 1430 graves
477 1363 605 1414 temones
622 1352 737 1414 civibus
754 1352 885 1416 Viennao
909 1350 1113 1424 incusserunt,
1130 1351 1223 1409 donno
1239 1347 1359 1428 uigiliae

136 1436 295 1520 paschales
312 1440 466 1517 adessent,
491 1438 520 1500 in
538 1449 623 1502 nocte
637 1439 787 1520 paschali,
803 1461 870 1501 curn
886 1457 972 1501 sacra
988 1448 1131 1500 namnam
1149 1436 1267 1512 bercol,
1284 1445 1360 1496 tem-

137 1523 221 1607 plum
237 1524 335 1605 ipsum
350 1525 449 1588 subita
466 1526 583 1588 damma
599 1526 740 1608 corripuit
763 1524 949 1607 populusque
972 1524 1067 1587 omnis
1083 1544 1100 1586 e
1118 1523 1224 1603 templo
1239 1542 1273 1585 se
1288 1542 1359 1602 pro-

138 1611 238 1693 ripuit.
272 1611 364 1675 Solus
387 1613 545 1697 episcopus
561 1614 731 1676 Mamercus
752 1635 850 1675 conara
872 1613 957 1675 altari
981 1612 1119 1693 precibus
1142 1609 1251 1671 insistit
1267 1618 1296 1670 ct
1313 1607 1360 1670 la·

137 1718 303 1781 ursmarum
319 1699 561 1781 tlunrineignern
587 1690 752 1781 restinguit.
787 1701 889 1781 Sopito
914 1701 984 1779 iguo
1007 1698 1136 1780 populus
1161 1699 1197 1758 ad
1221 1695 1360 1775 canpto·

136 1785 338 1851 ravennana
354 1787 489 1851 accensis
506 1788 574 1867 ltine
591 1788 659 1851 inde
675 1788 844 1866 luminibus,
858 1788 890 1849 in
907 1787 1071 1869 symbolam
1089 1785 1228 1861 laetitiae,
1245 1781 1359 1864 matins

139 1874 207 1936 Ileo
224 1873 373 1937 Scrcatori
398 1875 469 1963 agit.
501 1876 534 1939 ln
559 1878 727 1939 neurada·
755 1877 796 1938 rei
821 1885 923 1955 gestae
940 1876 1108 1937 Mamercus
1125 1873 1190 1934 dies
1204 1869 1361 1951 supplica·

140 1959 252 2024 tionum
268 1960 412 2039 instituit,
434 1962 483 2043 qui
500 1963 664 2044 quidsuis
687 1962 770 2026 initio
791 1984 857 2026 eum
880 1964 955 2024 lusto
978 1960 1128 2043 pascebatis
1152 1959 1273 2022 luerunt
1287 1977 1360 2019 cou-

136 2048 243 2131 junoti,
259 2051 311 2113 sed
327 2049 518 2130 paulopost,
542 2070 580 2114 ne
598 2051 696 2113 luctus
713 2062 742 2113 ct
756 2051 870 2133 jejunia
886 2051 1025 2130 gandium
1051 2049 1179 2130 paschae
1202 2045 1361 2125 intersipo-

137 2146 215 2215 rent,
229 2134 371 2199 selectum
387 2149 433 2200 eet
448 2138 576 2201 triduum
591 2138 673 2214 illud,
690 2140 768 2220 qnod
784 2137 860 2200 diem
884 2137 1069 2200 ascensionis
1092 2130 1226 2216 p'rosime
1241 2142 1362 2194 antees-

140 2224 192 2287 dil.
226 2224 369 2302 Quamvis
387 2244 459 2287 vcro
474 2225 647 2289 Mamercus
662 2226 694 2288 ia
708 2225 869 2290 Viennensi
896 2233 1014 2287 tanturn
1022 2222 1150 2287 ecelesia
1165 2223 1239 2284 baso
1255 2219 1296 2280 ita
1311 2219 1362 2279 in-

140 2310 304 2388 abluisset,
320 2309 511 2375 nihilominus
535 2334 595 2375 uon
612 2322 723 2376 tantum
740 2312 856 2390 Gallia,
882 2315 933 2374 scd
953 2320 1012 2374 tota
1028 2309 1156 2374 eeclesia
1171 2305 1363 2370 occidentalis

139 2399 198 2461 bos
214 2397 462 2479 supplicationum
478 2400 542 2463 dies
557 2402 676 2483 recepit,
694 2421 753 2482 qna
767 2403 803 2463 dc
820 2421 851 2462 re
867 2399 897 2461 in
922 2399 1025 2464 concil.
1041 2397 1179 2474 Mopnnt.
1195 2397 1250 2456 lroc
1266 2396 1364 2456 statu-2

20 2512 23 2517 ·
142 2484 203 2549 suu
218 2485 378 2550 habemns:
404 2494 473 2550 Onna
491 2491 590 2551 Gallio
613 2492 688 2570 lapis
708 2492 889 2565 infestaretur
913 2509 962 2548 nso
983 2489 1066 2566 badas
1091 2486 1194 2564 llap'ellt
1214 2484 1363 2546 namna

143 2581 358 2655 sssot,spisoopi
376 2578 490 2638 Galliae
505 2584 664 2655 nonpsepoti
681 2579 802 2639 tridaaar
822 2577 959 2654 jejunaturus
981 2579 1132 2656 quotannis
1146 2574 1239 2648 feners
1252 2580 1362 2630 statas·

140 2672 218 2738 mat,
237 2668 286 2742 usti
301 2656 361 2725 di'es
376 2674 472 2743 poetes
488 2666 631 2727 celebritas
647 2674 744 2727 sanan
758 2666 831 2739 fecti
853 2673 930 2724 suat.
962 2664 1088 2741 Apuanos
1102 2666 1187 2738 ipitcn
1201 2669 1228 2718 st
1244 2677 1297 2719 ans
1311 2676 1363 2717 ro-

140 2753 288 2827 petionuns
303 2751 363 2811 dise
373 2758 438 2811 'oum
450 2773 562 2814 manaan
576 2753 735 2829 dmutioae,
753 2772 815 2811 nans
829 2752 999 2811 abstineatis
1013 2771 1032 2809 a
1048 2754 1150 2820 carte,
1168 2766 1231 2805 esne
1245 2743 1364 2805 baindi-

143 2846 201 2901 tan
217 2837 325 2913 medie,
349 2858 405 2899 noa
421 2849 451 2900 at
476 2841 597 2902 visibiles
620 2842 717 2920 lupos,
740 2841 789 2900 secl
811 2840 963 2900 invisibiles
987 2842 1045 2899 siae
1067 2834 1226 2897 insanandus
1247 2836 1365 2912 spiritu
1455 2850 1463 2857 ·

142 2924 306 2989 medaeas
335 2930 424 2989 Nemo
440 2948 490 3006 per
504 2930 558 2989 bos
573 2927 633 2989 dies
646 2938 747 2992 ossum
760 2933 913 3007 pretiosam
930 2926 1037 2995 ludant,
1054 2928 1121 3003 qaia
1137 2928 1166 2982 ia
1181 2941 1263 2997 naono
1277 2928 1305 2980 sl
1320 2922 1364 2979 nl-

141 3032 207 3077 ms
221 3014 313 3090 dapem
328 3022 387 3074 raa
401 3015 538 3077 debemus.
566 3020 720 3095 Neneoper
734 3016 859 3077 inedies
873 3015 1032 3088 naama,
1042 3032 1122 3072 aeaco
1138 3014 1262 3088 cauimus
1277 3026 1364 3087 nnn·

140 3109 246 3176 masat,
261 3101 310 3160 scd
325 3101 502 3164 malentes
513 3103 627 3183 pedibas
650 3124 745 3182 oasass
760 3104 889 3163 iacebam
905 3111 931 3161 ct
947 3106 975 3161 ta
991 3103 1128 3163 commoni
1146 3100 1247 3157 litarde
1261 3102 1366 3156 ossunt

143 3194 284 3268 Melone
300 3209 352 3268 pro
367 3195 487 3268 amastis
502 3195 572 3267 sais,
587 3211 639 3270 pro
654 3211 733 3272 pnes,
750 3212 802 3269 pro
816 3199 901 3270 pone,
916 3209 968 3268 pro
979 3185 1177 3249 consemoadis
1193 3183 1322 3261 fraptbas
1338 3190 1366 3241 et

140 3297 194 3356 pro
210 3281 385 3339 osteeiseais
400 3279 608 3339 necessitatibus
623 3280 809 3359 deprecentur.
842 3280 911 3337 Dies
925 3281 998 3336 saian
1013 3276 1195 3336 obstimatiae
1210 3279 1292 3343 errat,
1309 3287 1366 3328 aon

142 3366 275 3439 mamae,
295 3372 384 3444 prout
399 3365 471 3427 bace
489 3365 560 3428 citat
574 3365 712 3447 Rhegino
729 3368 764 3427 do
780 3364 854 3426 disc.
872 3362 945 3425 cccl.
962 3382 989 3424 c.
1005 3360 1081 3423 228.
1362 3356 1386 3383 ’·

230 3451 392 3513 Festum
416 3450 449 3514 S.
473 3452 507 3513 Μ
516 3452 611 3515 arci.
642 3452 670 3535 b.
691 3455 719 3517 l.
751 3452 825 3514 Dies
840 3449 936 3513 Marci
961 3449 992 3510 iu
1009 3449 1060 3510 25.
1078 3445 1179 3528 aprilis
1196 3445 1273 3507 dien
1288 3440 1366 3504 inei-

143 3537 193 3603 dit.
225 3537 410 3601 Fuitsuteus
434 3538 468 3603 S.
485 3540 608 3602 Maccus
623 3541 710 3622 juxta
725 3539 924 3621 Epiphanium
942 3536 1047 3600 ex7l).
1065 3533 1238 3614 discipulis,
1256 3532 1289 3594 S.
1306 3530 1368 3593 1³04
1407 3542 1409 3547 ’

143 3625 178 3689 tri
194 3624 321 3706 apostuli
339 3645 447 3704 comes,
464 3627 591 3709 scriptor
608 3626 771 3707 evangelii,
790 3628 867 3708 quod
882 3624 1009 3686 aolrilcrn
1025 3624 1133 3686 iontem
1149 3621 1179 3682 in
1196 3638 1312 3682 canona
1327 3618 1366 3680 N.

4 3720 5 3725 ’
71 3794 77 3799 ἢ
144 3713 186 3774 Τ.
208 3714 303 3775 adhuc
327 3714 487 3793 constituit.
520 3715 668 3797 Scriptum
686 3724 782 3777 autem
807 3724 853 3776 cst
870 3710 1055 3793 evangelium
1073 3708 1167 3772 Marci
1194 3708 1251 3768 luno
1277 3723 1368 3765 onen-

145 3799 240 3863 siouc.
270 3800 346 3863 Gunr
369 3801 475 3865 Petrus
495 3803 608 3867 lboruac
632 3806 766 3877 doceret,
792 3801 940 3864 auditores
964 3810 1020 3862 taur
1043 3795 1168 3860 studiosi
1193 3791 1367 3856 concionum

143 3887 222 3951 Petri
238 3887 366 3964 luerunt,
383 3899 416 3950 ut
430 3890 565 3952 Marcum
581 3890 663 3953 Petri
680 3889 814 3951 comitem
830 3889 972 3951 instanter
987 3884 1157 3965 rogaverint
1173 3879 1333 3943 doctrinam
1349 3899 1368 3941 a

143 3975 232 4041 Petro
248 3975 382 4039 meditans
398 3975 429 4037 in
445 3976 547 4040 literas
562 3977 683 4055 relerrc,
694 3997 818 4059 quorum
833 3977 969 4057 procilius
984 3974 1124 4052 inductus
1137 3971 1260 4033 Marcus
1275 3986 1368 4030 eran-

143 4063 257 4144 peliruu
273 4062 412 4140 condidit,
429 4074 517 4144 prout
532 4065 622 4127 relect
637 4066 778 4129 irenaeus
794 4063 826 4143 2,
847 4067 897 4126 ll.
929 4059 1080 4124 Eusebius
1095 4059 1185 4137 addit,
1201 4053 1369 4140 apostolum

144 4151 280 4227 Petrum,
297 4152 362 4213 uiso
378 4149 535 4232 evangelio
551 4151 665 4230 Marci,
689 4152 818 4216 studium
841 4151 1004 4214 auditorum
1029 4148 1132 4210 borum
1148 4147 1368 4227 comprobasse,
1426 4183 1435 4220 7

146 4236 335 4320 evangelium
350 4238 449 4303 Menai
466 4238 655 4304 confirmasse
679 4250 708 4303 et
722 4250 755 4303 ut
770 4241 807 4302 iu
818 4238 945 4302 ecelesia
960 4237 1111 4317 legeretur
1121 4235 1261 4318 jussisse.
1290 4232 1369 4296 Hinc

146 4337 207 4404 est,
233 4329 312 4408 qnod
328 4325 535 4391 Tertullianus
559 4328 745 4410 evangelium
760 4326 857 4390 Marci
881 4322 1068 4405 evangelium
1083 4324 1162 4387 Petri
1185 4319 1312 4405 appellet
1328 4323 1371 4398 (o.

66 4406 80 4431 ⁸
145 4413 330 4481 Marcianum
344 4414 377 4495 4,
393 4418 438 4498 2.)
471 4414 649 4481 Athanasius
665 4416 696 4477 in
721 4414 843 4499 synopsi
860 4434 915 4478 sun
928 4411 1117 4495 evangelium
1133 4411 1229 4474 Maiei
1247 4407 1368 4471 al’ctro

148 4503 303 4583 dictitent,
327 4507 383 4573 aed
403 4504 543 4571 antara
566 4504 770 4587 praedicatum
789 4504 888 4569 relect.
918 4502 996 4567 Sunt
1010 4498 1144 4565 nonnulli
1167 4499 1300 4581 quidem,
1318 4491 1368 4573 qui
