3192 5056
246 273 314 367 tte
423 333 427 343 .
655 317 658 323 ,
760 296 800 364 a.
813 299 840 363 ι.
855 295 970 364 etam

245 479 340 538 aetate
354 469 386 532 in
401 470 512 532 bonore
526 469 628 539 baberi
643 478 788 554 coeptum,
805 474 858 536 sed
873 472 964 553 longo
977 472 1039 554 jau
1055 471 1325 554 tenporebabitam
1340 475 1462 542 crinein.

245 560 322 640 Quis
339 557 416 622 enirn
431 556 488 641 sibi
502 557 691 638 persuaserit,
708 580 813 622 noram
830 580 866 622 ao
882 560 1014 641 ignotam
1031 569 1118 623 antea
1139 556 1357 643 soUeunitatem
1369 560 1463 628 acces

152 662 156 671 ’
244 647 367 713 bisslmo
383 656 513 727 tempore
523 644 553 706 in
566 645 735 709 christianis
750 648 884 711 coetibus
901 647 996 710 luisse
1011 646 1182 730 institutam,
1199 667 1265 711 coar
1282 670 1351 713 vero
1367 651 1460 734 longe

99 748 101 755 '
121 760 127 777 ι
243 734 372 800 'similius
383 731 431 810 s'it,
449 751 501 796 eos
518 733 656 795 usitatam
673 733 758 797 etiam
774 742 804 798 at
814 732 946 821 periculi
961 733 1078 816 plenam
1094 734 1126 797 in
1140 734 1198 798 iste
1213 748 1312 800 rorum
1328 748 1407 802 statu
1422 761 1460 803 ac

128 858 133 867 s
245 821 412 899 discrimine
428 819 523 883 luisse
541 820 711 900 omissuros,
728 821 786 884 nisi
795 822 957 903 antiquitus
973 822 1106 885 traditam
1117 821 1206 885 nimis
1220 835 1325 888 sancte
1339 822 1458 891 colaia·

244 911 330 974 sentl
346 910 379 970 ld
396 910 464 972 ve‘ro
480 908 576 989 magis
592 909 678 973 etiam
694 917 723 970 et
737 908 848 971 clarius
863 929 883 971 a
897 910 1105 992 Chrysastomo
1121 909 1318 990 confirmatur,
1333 913 1386 995 qni
1407 914 1459 977 di-

244 997 334 1060 sertis
350 995 449 1059 verbis
460 995 535 1057 diem
551 996 641 1058 istum
654 994 781 1057 natalem
797 994 908 1059 Christi
924 996 1075 1078 aubqunrn
1086 998 1241 1060 admodum
1258 1008 1287 1061 et
1300 1011 1459 1079 veteratum,

243 1092 273 1147 et
287 1085 350 1167 jam
364 1082 435 1144 inde
449 1082 634 1162 aprimordio
651 1082 787 1146 omnibns
801 1082 1035 1151 Christianorum
1053 1082 1238 1147 coetibusab
1253 1086 1320 1167 ipsa
1328 1087 1462 1151 Thracia

243 1170 344 1234 Gades
359 1189 455 1251 nsque
470 1168 667 1232 incolentibus
684 1170 871 1233 manifestum
887 1178 916 1232 et
932 1170 1076 1233 celebrem
1093 1170 1189 1234 luisse
1210 1171 1365 1256 asserit*).
1397 1176 1460 1236 Po-

194 1264 197 1269 ’
242 1266 347 1321 namus
364 1256 442 1337 ¹enim
457 1264 487 1318 et
504 1259 699 1321 concedamus
716 1257 812 1335 eham,
838 1258 1044 1339 Chrysostomo
1069 1259 1103 1320 in
1117 1256 1175 1321 hoc
1189 1258 1258 1320 loco
1277 1258 1458 1325 sollennita-
1522 1320 1527 1327 .

172 1418 177 1426 ,
242 1352 301 1409 tem
321 1344 416 1431 hujus
427 1343 486 1406 diei
501 1344 567 1405 ideo
583 1351 694 1405 tantum
712 1345 912 1425 perantiquam
923 1345 1016 1409 fuisse
1031 1345 1136 1433 risam,
1153 1347 1298 1427 quoniam,
1313 1366 1373 1429 qno
1383 1357 1458 1412 teur-

141 1503 151 1518 ,
242 1452 314 1514 pore
330 1431 462 1493 instituta
478 1439 567 1507 esset,
582 1429 756 1509 ignorabam
786 1431 858 1493 atsi
875 1434 1029 1499 credamus
1044 1431 1168 1509 saltem,
1186 1436 1266 1513 quod
1283 1435 1364 1497 credi
1379 1446 1459 1499 certe

241 1520 289 1582 las
313 1527 375 1594 est,
402 1537 466 1580 eam
491 1517 692 1598 Chrysostorni
716 1537 789 1581 aevo
810 1518 947 1580 omnibus
964 1518 1195 1581 Christianorum
1212 1521 1344 1584 coetibus
1362 1522 1458 1586 luisse

241 1624 433 1682 communem,
450 1603 708 1684 antiqnitos'etiam
716 1605 877 1667 institutam
885 1608 1039 1668 credamus
1055 1626 1178 1669 necesse
1194 1614 1249 1685 est,
1267 1608 1335 1690 qnia
1349 1629 1458 1673 mceus
1516 1622 1529 1635 ⁸
1583 1636 1584 1715 ι

239 1694 406 1756 introducta
422 1688 531 1770 religio
547 1690 597 1754 uix
613 1691 689 1752 intra
706 1691 794 1756 unius
810 1690 905 1755 seculi
922 1692 1053 1773 spatium
1063 1693 1096 1754 in
1110 1693 1186 1754 locis
1203 1696 1278 1756 adeo
1300 1695 1457 1767 dissitiset

165 1848 169 1855 ,
239 1778 360 1843 remotis
376 1776 468 1860 recipi
484 1787 597 1859 poterat
620 1796 655 1841 ac
678 1779 814 1844 stabiliri.
844 1780 988 1857 Quamvis
1012 1790 1108 1843 antem
1130 1779 1255 1842 existis
1280 1781 1456 1845 testimoniis

239 1877 320 1932 recte
344 1865 481 1930 concludi
505 1865 614 1946 possit,
642 1885 701 1927 non
725 1868 780 1929 sub
800 1867 877 1951 tertii
899 1869 1015 1931 demum
1032 1865 1125 1930 secoli
1141 1867 1228 1928 linem
1243 1866 1407 1931 institutum
1423 1869 1456 1931 in

161 2002 162 2011 ι
240 1954 368 2019 ‘ccclesia
382 1954 489 2031 luisse,
504 1961 538 2015 ut
552 1953 693 2016 memoria
709 1953 769 2016 nati
779 1954 945 2017 Serratoris
961 1965 1037 2017 stato
1054 1953 1101 2015 die
1119 1953 1325 2033 celebraretur,
1341 1955 1392 2019 vix
1405 1966 1455 2019 ta·

238 2060 306 2106 men
323 2041 432 2105 sineri
449 2040 549 2122 aliqua
565 2040 695 2103 adbibita
709 2037 783 2103 illud
800 2041 935 2119 elicient,
951 2051 984 2104 nt
1001 2040 1144 2122 originem
1160 2040 1286 2104 instituti
1300 2042 1378 2105 intra
1392 2062 1454 2105 see.

237 2131 276 2193 ll.
288 2128 366 2192 *lines
382 2127 471 2191 liceat
486 2127 646 2191 retraheres
669 2128 746 2191 Sunt
760 2131 835 2191 adeo
851 2127 1012 2205 nonnulla,
1037 2148 1112 2210 quae
1129 2129 1304 2209 argumenti,
1321 2132 1399 2211 quod
1416 2140 1455 2192 ex

237 2215 300 2279 illis
316 2214 474 2296 colligitur,
489 2235 610 2279 nervam
627 2236 686 2277 non
702 2235 805 2297 pamm
822 2216 956 2278 ridentur
970 2214 1158 2280 labefactare.
1184 2215 1337 2279 Habemus
1354 2215 1453 2278 locum

237 2302 398 2385 Augustini
407 2302 451 2380 Ἰ)
460 2323 480 2378 ,·
494 2322 532 2365 ex
555 2322 613 2385 quo
637 2318 763 2382 magnus
792 2302 879 2365 dubio
894 2303 978 2364 loeus
994 2302 1107 2380 oritur,
1124 2323 1193 2367 num
1209 2302 1240 2364 io
1256 2303 1321 2385 ipso
1337 2325 1399 2367 sec.
1415 2301 1452 2368 V.

239 2391 304 2454 dies
320 2387 602 2452 natalisServatoris
620 2409 672 2469 per
689 2409 801 2450 omnem
819 2387 973 2451 ecclesiam
990 2389 1079 2451 fuerit
1094 2389 1280 2454 celebrarunt
1296 2391 1451 2455 Habemus

238 2477 329 2541 alium
346 2474 506 2556 Nicephori
521 2495 581 2536 noa
594 2474 691 2539 ‘leuem
708 2475 833 2537 indicem
841 2520 851 2550 ,
868 2475 944 2537 diem
961 2475 1048 2538 istum
1066 2476 1172 2538 lustini
1192 2479 1304 2541 demum
1319 2478 1451 2559 impera-

238 2565 312 2627 toris
328 2584 400 2627 acro
416 2562 493 2623 inter
507 2561 689 2624 universalia
714 2562 858 2625 ccclesiae
884 2562 961 2625 festa
983 2563 1077 2626 fuisse
1102 2563 1305 2646 retatnn***).
1337 2565 1451 2628 onnes

236 2649 545 2733 praetereatemporis,
562 2669 662 2711 omnes
678 2659 783 2726 status,
798 2650 830 2710 iu
849 2671 905 2732 quo
920 2649 1080 2714 Christiani
1097 2671 1150 2732 per
1167 2670 1227 2714 sec.
1236 2651 1275 2715 11.
1292 2648 1449 2732 degebant,

236 2737 367 2800 rationes
384 2731 502 2799 minime
517 2736 695 2816 permittunt,
713 2746 743 2797 nt
758 2736 821 2797 illis
838 2758 930 2800 norae
946 2732 1143 2800 sollemnitatis
1162 2738 1268 2819 religio
1280 2739 1452 2821 conjectata
1536 2772 1543 2784 ·
1583 2798 1584 2813 ,

203 2862 207 2869 ·
234 2834 386 2905 utcunque
412 2820 574 2884 verosimili
596 2822 693 2904 poenit
707 2822 853 2901 adscribi,
882 2846 947 2887 cum
972 2846 1009 2888 ex
1031 2824 1124 2886 altera
1146 2835 1228 2905 parte
1253 2827 1372 2888 eaedem
1389 2844 1449 2887 aon

235 2914 380 2975 suadeant
395 2907 491 2971 solum
508 2912 560 2972 sed
568 2912 765 2991 persuadeant
777 2911 875 2989 etiam,
893 2924 924 2974 ut
939 2912 989 2974 isti
1005 2912 1111 2991 potius,
1130 2911 1251 2991 quaein
1267 2931 1330 2979 sec.
1341 2913 1449 2974 libin-

235 2998 316 3076 cldit,
336 2996 424 3060 aetati
441 2998 628 3078 assignetur,
654 3017 730 3078 quae
753 3018 813 3078 per‘
830 2999 961 3079 integros
984 3007 1013 3058 et
1029 2998 1091 3058 lere
1113 2996 1329 3078 quinquaginta
1353 3019 1449 3062 aues

107 3104 122 3131 ¹·
234 3083 326 3149 u'ullis
342 3083 597 3168 persecutionibus
614 3087 737 3161 turbata,
753 3085 785 3146 in
801 3083 957 3167 tranquillo
973 3104 1071 3146 rerum
1094 3102 1214 3148 suarum
1237 3094 1316 3147 statu
1339 3105 1449 3155 vocure

185 3194 189 3201 ‘
234 3172 331 3236 sacris
357 3172 473 3235 suiset
505 3175 541 3234 de
564 3172 648 3236 noris
675 3172 761 3235 etiam
784 3171 924 3235 addendis
948 3189 1053 3233 curare
1079 3180 1200 3251 poterat.
1235 3172 1330 3234 Ecum
1354 3172 1449 3254 igitur

233 3260 354 3343 iniquus
370 3258 515 3322 ridebitur
527 3259 632 3341 judex,
647 3261 699 3341 qui
714 3258 867 3341 perpensis
890 3257 955 3321 istis
973 3259 1109 3321 omnibus
1134 3269 1222 3341 atque
1247 3259 1382 3340 repensis
1405 3262 1449 3323 ita

233 3340 480 3431 pronunciaverit,
496 3347 639 3436 originem
656 3345 724 3408 festi
751 3346 907 3429 memoriae
929 3346 991 3409 nati
1010 3347 1175 3410 Servatoris
1201 3346 1363 3410 conscerati
1386 3368 1448 3410 non
1504 3388 1509 3397 κ

233 3434 314 3498 ultra
329 3434 442 3495 initium
459 3454 519 3496 sce.
538 3432 587 3498 lll.
603 3433 806 3496 retrahendam
824 3432 939 3500 videri?
1092 3502 1094 3506 ,
1279 3440 1288 3454 ’

318 3522 403 3586 Haec
427 3520 490 3583 lere
512 3531 596 3598 sunt,
623 3541 698 3602 quae
714 3521 794 3583 cirea
809 3520 953 3600 originem
970 3520 1037 3583 festi
1055 3532 1082 3583 et
1106 3540 1205 3584 veram
1221 3522 1286 3603 ejus
1304 3522 1446 3604 epocham

187 3624 191 3627 '
228 3633 271 3691 ,ex
286 3609 422 3673 omnihus
438 3610 502 3671 aevi
516 3606 607 3690 holus
623 3608 804 3673 documentis
830 3607 895 3669 erni
912 3616 1068 3690 potnerunt
1082 3617 1169 3690 atque
1186 3609 1328 3691 conquiri.
1361 3609 1399 3672 At
1414 3611 1447 3673 in

231 3698 291 3771 alio
308 3694 404 3761 adhuc
418 3694 485 3760 loeo
502 3696 561 3773 alia
576 3696 623 3773 bic
639 3697 739 3758 haeret
754 3694 924 3774 difficultas,
938 3696 969 3757 in
987 3695 1052 3776 ipso
1069 3695 1205 3761 nimirum
1222 3697 1279 3775 die,
1297 3716 1446 3779 quamsae

142 3842 145 3849 .
232 3808 315 3850 crum
331 3806 399 3850 esse
414 3783 483 3847 buis
498 3782 692 3846 recordationi
711 3782 795 3863 primi
812 3793 948 3846 auctores
964 3783 1076 3845 institui
1092 3781 1247 3846 voluerint.

102 3882 104 3887 ’
216 3904 236 3923 f·
317 3874 428 3938 Omnes
444 3872 572 3937 omniurn
589 3869 715 3952 partium
731 3870 889 3952 scriptores
906 3892 965 3934 ono
983 3891 1033 3935 ore
1044 3871 1240 3950 consentiunt,
1258 3869 1368 3935 festum
1384 3871 1447 3935 nati

228 4051 463 4077 mnu—nn.

229 4136 234 4183 l
300 4163 331 4234 *)
350 4161 603 4236 Virtsctnysnstom.
624 4159 698 4220 dom.
728 4170 772 4222 31.
802 4195 834 4209 —
852 4160 958 4219 nointel
979 4165 1027 4218 ani
1055 4159 1156 4234 ἀρχαία
1184 4161 1240 4217 ἐστὶ
1258 4163 1305 4216 καὶ
1333 4157 1448 4218 ἄνωθεν
1516 4234 1519 4237 ¹

230 4238 288 4321 ‘⁰5⁶
299 4228 751 4373 33⁶,0cp'psspaggppbppp
771 4230 1112 4370 l²⁰1l“‘d“¹tllltt²“l
1131 4233 1269 4357 himili
1285 4234 1447 4355 {illini

229 4388 393 4436 enumerans,
410 4388 477 4441 quae
498 4372 530 4424 ab
550 4375 852 4441 universa-quoeunque
871 4389 899 4426 se
918 4373 1051 4439 diffundit,
1069 4371 1181 4426 eeclesia
1199 4371 1376 4438 celebrantur,
1396 4386 1448 4424 na·
1559 4360 1584 4439 ,ἶ

227 4445 308 4501 mtan
326 4443 423 4496 Christi
441 4436 544 4494 silentio
563 4444 725 4496 transmittit.

296 4512 356 4580 ***)
373 4510 560 4595 Vidglliocpb.
580 4510 612 4566 L.
631 4514 751 4581 lt-‘cnp
770 4515 814 4569 28.
