3202 5062
233 238 300 311 ιιι
407 214 411 217 ’
709 235 971 319 ausuaga

235 412 380 479 manullo
393 412 427 479 iu
444 413 577 497 epistolia
592 413 763 497 apostolicis
779 414 864 491 trra,
883 433 961 496 quau
975 431 1080 495 proces
1095 408 1239 477 insectis
1254 408 1458 477 maraton

237 523 273 567 ca
289 514 384 569 aetate
401 500 464 565 lieri
482 501 587 566 solitae
609 503 741 584 proxime
764 512 899 583 spectare
923 501 1057 589 videntur
1080 510 1109 563 et
1129 499 1226 565 simul.
1241 502 1364 578 docent,
1395 519 1456 563 eas

235 589 331 655 fuisse
347 587 420 653 narii
437 590 557 670 generis
574 599 602 652 ct
620 589 796 670 argumenti.
1018 644 1023 653 r

324 677 469 759 Princeps
485 678 540 740 lrao
556 677 587 740 io
603 698 696 741 causa
711 678 797 739 lacus
821 688 864 738 est
882 676 899 738 l
918 675 999 741 Tim.
1013 673 1053 755 2,
1084 697 1142 759 qno
1166 675 1198 739 ia
1222 675 1317 758 capite
1334 672 1454 739 Paulos

164 773 168 780 '
235 764 379 829 rationem
397 784 562 847 causasque
577 787 696 847 precoro
713 765 897 848 publicarum
914 762 1096 846 explicatae
1112 765 1214 840 docet,
1237 763 1307 862 quid
1322 772 1352 823 et
1366 762 1454 824 viros

237 864 265 915 et
281 853 419 915 mulieres
433 855 536 915 deceat
550 854 580 914 in
597 874 682 916 sacro
700 863 855 916 conventu.
887 851 1034 913 Memorat
1049 850 1091 912 ibi
1102 872 1148 914 vs.
1159 852 1186 930 l,
1202 843 1333 930 deoperte,
1349 864 1455 931 apso·

140 964 143 971 ’
237 930 344 1021 sopire,
363 930 535 1017 ἐντεύξεις,
551 934 765 1022 εὐχαριστίας,
780 961 857 1023 quae
873 948 1010 1020 tanquam
1028 958 1188 1020 synonyma
1206 939 1243 1000 de
1258 936 1397 1020 precibus
1416 937 1452 998 iu

235 1027 406 1090 universum
423 1027 471 1089 bic
493 1026 624 1091 adhiberi
639 1026 774 1091 nonnulli
797 1027 948 1093 viridanti
973 1025 1150 1091 existimant.
1193 1025 1304 1088 Fateor
1320 1024 1454 1106 quidem,

175 1138 182 1149 ι
236 1134 326 1179 uoces
343 1114 458 1195 origine
476 1125 503 1178 et
521 1114 737 1197 significatione
757 1115 891 1178 diuersas
911 1114 994 1179 band
1016 1134 1083 1176 raro
1099 1114 1170 1183 aN.
1187 1113 1227 1176 T.
1254 1112 1453 1194 scriptoribus
1493 1179 1500 1196 Ι

237 1201 279 1264 ita
291 1202 398 1283 jungi,
422 1213 454 1265 ot
469 1223 558 1266 unam
574 1209 755 1286 eandemque
770 1222 831 1265 rem
848 1201 977 1275 indicent
992 1204 1124 1283 adeoque
1143 1209 1172 1262 et
1185 1199 1300 1265 ratione
1318 1201 1454 1275 vorabu-

143 1306 146 1315 ’
236 1287 347 1365 lorum,
365 1290 474 1372 quibos
491 1312 595 1373 preces
611 1292 642 1353 iu
658 1293 697 1355 N.
715 1292 754 1353 Τ.
770 1290 995 1354 denominantur
1011 1288 1127 1368 babila,
1160 1286 1192 1349 in
1214 1289 1368 1351 verborum
1386 1297 1454 1370 ety-

235 1377 366 1458 mologia
384 1398 443 1441 non
460 1378 547 1443 anxie
569 1378 750 1443 haerendum
770 1398 849 1443 esse.
893 1378 937 1443 lta
951 1374 1122 1459 προσευχαὶ
1138 1387 1166 1439 ct
1181 1366 1304 1456 dedomo
1326 1376 1359 1437 io
1383 1375 1452 1457 epi-

204 1534 208 1541 ·
236 1465 322 1526 stolis
340 1465 427 1527 Pauli
452 1467 573 1546 saepius
594 1467 761 1547 junguntur
783 1469 823 1528 ad
845 1464 1018 1527 iudicandas
1042 1463 1172 1549 cujusvis
1197 1463 1318 1543 generis
1344 1482 1452 1545 preces

236 1550 314 1632 Epa.
323 1550 353 1626 6,
373 1555 432 1628 183
450 1550 601 1629 latmo,
620 1555 656 1632 53
672 1551 747 1616 Phil.
756 1551 788 1630 4,
806 1553 837 1616 6.
869 1551 937 1631 δΒιιὶ
952 1551 1033 1633 illins
1050 1552 1176 1634 quidem,
1193 1553 1302 1632 dequo
1318 1550 1365 1613 bic
1381 1550 1452 1631 agi-

236 1658 314 1721 mus,
330 1638 385 1700 loni
404 1638 463 1702 alia
480 1650 526 1701 est
539 1640 624 1718 ratio,
643 1640 752 1702 etenim
766 1639 883 1702 diversa
897 1640 1015 1703 nomina
1030 1638 1078 1703 bic
1094 1661 1112 1703 a
1128 1637 1222 1701 Paulo
1239 1638 1328 1701 tribui
1343 1635 1451 1705 riden-

236 1731 285 1786 tur
306 1725 444 1808 precibus
468 1726 499 1788 in
519 1747 604 1791 sacro
621 1735 766 1790 coaventu
782 1727 959 1807 recitandis,
994 1725 1235 1791 adiudicandum
1255 1726 1402 1791 diversam
1422 1737 1451 1788 at

234 1810 296 1874 late
320 1824 425 1895 patens
455 1834 554 1877 earum
579 1825 793 1896 argumentum.
846 1816 946 1896 ltaque
975 1803 1114 1895 διήσεις,
1132 1815 1223 1897 ,qood
1247 1823 1293 1879 est
1314 1834 1335 1877 a
1358 1815 1449 1891 uerbo

119 1906 125 1923 ¹
236 1893 345 1979 δέομαι
360 1905 485 1983 indigeo,
518 1901 649 1966 indicant
663 1923 769 1985 preces
784 1902 964 1983 indigentiae
981 1921 1076 1965 senso
1090 1902 1244 1981 iaciendas
1261 1912 1291 1964 et
1306 1901 1451 1981 pertinent

236 1989 276 2049 ad
291 1988 460 2069 petitionem
476 2010 586 2067 eornm,
605 1990 713 2073 quibus
730 1991 899 2070 indigemus
913 1988 952 2068 *).
998 1985 1177 2072 llqooeopol
1193 2000 1262 2051 snut
1276 1992 1449 2071 domesctic-

236 2095 290 2137 aer
308 2075 370 2138 sive
385 2086 453 2139 rota
468 2098 521 2160 pro
545 2076 632 2141 malis
647 2078 706 2141 Dei
723 2078 906 2158 benignitate
921 2098 940 2140 a
954 2075 1041 2139 nobis
1063 2076 1230 2143 avertendis
1251 2076 1347 2157 iisque
1366 2097 1450 2159 quae

236 2162 409 2245 necessaria
430 2165 489 2229 sint
513 2176 542 2228 et
565 2165 651 2231 utilia
673 2166 770 2241 allen
792 2164 994 2246 impretandis.
1042 2156 1220 2237 Ἐιτιύξεις
1244 2176 1448 2245 rumperem,

238 2249 440 2333 quibusapod
453 2252 549 2314 Deum
566 2274 618 2334 pro
635 2250 761 2314 aliorum
776 2252 871 2315 salute
888 2250 1107 2317 intercedimus.
1139 2245 1361 2335 Ἐυχαριστίιιι
1376 2271 1448 2333 gra·

236 2337 341 2421 tiorum
365 2338 498 2415 actiones
518 2360 571 2421 pro
597 2339 746 2407 beneficiis
771 2342 974 2423 cojuscunque
998 2339 1135 2419 generis,
1168 2338 1276 2420 quibus
1292 2339 1375 2403 Deos
1399 2348 1450 2407 aut

236 2436 353 2489 nosmet
368 2425 449 2506 ipsos
466 2437 515 2489 ant
532 2424 608 2491 alins
626 2427 782 2489 ornaverit.
1366 2480 1371 2489 .

291 2568 301 2577 ,,
324 2514 468 2577 Admonet
478 2513 657 2595 Apostolos,
674 2514 841 2583 fundendos
859 2536 926 2581 ease
940 2514 995 2578 has
1011 2534 1114 2597 preces
1129 2534 1183 2595 pro
1199 2513 1449 2577 omnibosbomi-

183 2650 198 2659 .,
237 2600 343 2677 nibus,
366 2623 418 2682 pro
440 2601 561 2682 regibus
580 2603 641 2665 sire
657 2594 883 2684 imperatoribus
906 2603 1100 2684 omnibusque
1117 2601 1245 2683 potentia
1260 2592 1454 2684 pollentibus,

157 2684 161 2707 ¹
237 2686 301 2771 sire
313 2688 547 2767 magistratibus,
559 2698 591 2752 ut
603 2690 746 2771 placidam
758 2704 846 2772 atque
857 2688 1043 2772 tranquillam
1054 2689 1141 2753 vitam
1154 2710 1280 2770 agarum
1292 2691 1369 2753 omni
1383 2711 1449 2752 enm

236 2776 343 2856 pietate
359 2786 387 2837 et
403 2777 565 2841 honestate.
587 2777 654 2840 Hoc
669 2778 759 2854 enim,
779 2798 823 2841 se.
837 2790 871 2841 ut
886 2800 1002 2842 oremus
1020 2800 1072 2859 pro
1086 2777 1266 2859 reipublicae
1284 2782 1450 2841 moderato-

189 2876 200 2894 ‘
235 2862 329 2938 ribus,
346 2865 499 2924 honestum
517 2885 583 2926 esse
601 2876 630 2927 et
645 2877 760 2945 gratnm
778 2867 842 2927 Deo
858 2867 1010 2943 seruatori,
1028 2866 1107 2927 addit
1123 2885 1168 2927 rs.
1180 2865 1211 2929 3.
1227 2867 1328 2946 ltaque
1344 2887 1449 2943 preces

236 2957 265 3011 et
286 2949 450 3028 gratiarum
474 2951 604 3014 actiones
627 2975 680 3033 pro
705 2952 926 3032 magistratibus
953 2962 982 3015 et
1010 2951 1190 3034 reipublicae
1209 2954 1305 3017 salute
1318 2954 1446 3017 faciendi

235 3039 434 3114 consuetudo,
451 3058 541 3120 quae,
566 3040 672 3121 etjam
688 3039 825 3116 vidimus,
840 3043 917 3121 apud
933 3042 1061 3111 ludaeos
1074 3040 1135 3122 jam
1151 3041 1204 3105 dio
1220 3042 1249 3103 in
1263 3060 1321 3111 nso
1335 3040 1444 3119 fuerat,

234 3122 440 3206 Apostolorum
456 3126 626 3195 anctoritate
643 3126 699 3191 tuir
715 3127 835 3193 munita.
1368 3154 1373 3159 ⁴

323 3210 575 3290 Quemadmodum
600 3214 729 3278 eeclesia
744 3215 1011 3297 Hierosolymitana
1032 3216 1172 3298 precibus
1197 3217 1261 3280 sois
1284 3238 1338 3299 pro
1359 3215 1447 3290 Petro

232 3299 266 3361 in
281 3321 401 3383 earcere
415 3301 603 3369 delitescente
618 3305 698 3385 apud
712 3304 807 3366 Deum
824 3303 1033 3369 intercesserat
1055 3307 1119 3369 Aa.
1137 3304 1188 3368 12.
1208 3308 1245 3382 ὃς
1277 3306 1320 3369 ito
1335 3306 1447 3371 Paulas
1528 3366 1533 3371 .

233 3387 323 3451 Romr
341 3386 391 3464 15,
409 3387 465 3466 30,
481 3390 560 3452 sario
582 3393 734 3453 admodum
760 3412 827 3454 sese
850 3395 1032 3455 commendat
1048 3394 1187 3474 precibus
1204 3393 1448 3472 Christianorum,

140 3537 145 3547 ,
234 3474 285 3556 qni
302 3475 423 3547 Romae,
440 3487 523 3539 erant
547 3479 713 3560 indicatque
736 3478 826 3541 simol
841 3479 947 3560 triplex
962 3482 1065 3553 harena
1089 3502 1208 3563 precum
1232 3493 1446 3561 argumentum,

118 3560 125 3573 ⁸
232 3569 354 3645 pomam
371 3563 506 3645 quidem,
524 3575 555 3633 nt
569 3566 634 3648 ipse
654 3566 794 3647 eripiatur
807 3567 926 3641 insidiis
943 3570 1178 3635 aduersariorum
1194 3569 1349 3650 roligionis
1366 3569 1446 3631 rari.

173 3652 175 3657 ’
233 3650 348 3737 stiauap
364 3650 395 3712 in
416 3650 548 3729 lodaea3
581 3658 717 3729 alteram,
736 3661 768 3716 ot
784 3654 986 3738 eleemosynas
1001 3659 1041 3731 ab
1061 3658 1123 3739 ipso
1139 3655 1375 3736 Hierosolymam
1392 3661 1446 3721 de·

231 3741 393 3823 portandae
407 3752 510 3818 paratae
527 3740 771 3819 sintChristianis
786 3743 827 3807 ibi
846 3743 1038 3827 (legentibuu
1061 3753 1170 3809 tertiana
1186 3745 1325 3828 dentque,
1345 3757 1375 3809 nt
1392 3768 1445 3811 vo·

231 3824 310 3889 lente
328 3829 390 3889 lleo
408 3824 505 3889 laetus
525 3829 563 3891 ad
580 3829 661 3910 ipsos
678 3830 776 3893 veniat
798 3842 825 3892 et
841 3852 900 3892 una
917 3853 981 3894 com
998 3832 1036 3895 iis
1053 3835 1181 3896 animum
1197 3845 1320 3901 recreet.
1365 3837 1446 3897 ldem

151 3960 154 3965 .
229 3910 392 3994 Apostolos
407 3913 430 3979 2
446 3915 514 3980 Cor.
534 3917 562 3978 1.
583 3920 631 3995 11,
651 3929 749 4000 sperat
764 3939 798 3981 sc
814 3919 955 4000 periculis
972 3930 1104 4002 ereptum
1119 3921 1173 4000 iri,
1184 3922 1216 3997 (si
1238 3922 1382 4005 Corinthii
1396 3923 1444 4005 ip·

232 4017 297 4062 sum
316 4002 453 4082 precibus
476 4006 513 4068 ad
529 4005 625 4069 Deum
647 4004 723 4069 lasis
741 4008 879 4089 adjurare
896 4007 1001 4086 velint,
1026 4010 1066 4074 ita
1082 4019 1115 4075 ut
1131 4031 1182 4092 pro
1201 4009 1341 4073 terrario
1361 4011 1396 4089 io
1412 4030 1445 4074 so

232 4087 345 4175 colla-tn
355 4091 470 4170 gratiae
487 4093 552 4156 Deo
569 4104 706 4175 agantur.
1406 4092 1410 4097 ¹

267 4294 270 4301 ,
300 4242 329 4310 *)
347 4241 407 4296 Vin.
426 4243 534 4327 Gregqr.
556 4246 681 4301 Nezieon.
702 4249 787 4303 lamb.
809 4252 849 4304 15.
1121 4296 1125 4303 .

331 4360 335 4367 ,
432 4315 556 4379 „Asqow
574 4318 634 4369 odon
652 4354 662 4382 ‚
682 4314 732 4379 cira
751 4319 859 4382 αἴτησιν
878 4315 1013 4377 ἐνιῖιᾶν.“
1070 4352 1077 4361 -
1138 4358 1142 4367 ⁴
1164 4366 1167 4375 r
1229 4358 1233 4363 ·
1389 4334 1393 4341 '
1420 4329 1434 4347 '

230 4377 305 4433 Gaul.
330 4383 361 4435 ds
389 4384 466 4450 bajus
490 4386 619 4439 vocabuli.
629 4388 817 4453 significatione
836 4396 864 4441 et
879 4405 933 4442 aso
945 4391 979 4443 do
995 4389 1030 4447 li.
1051 4390 1082 4445 Τ.
1100 4389 1162 4449 Gar.
1179 4390 1308 4455 lietberti
1324 4392 1391 4453 Oba.
1407 4392 1443 4452 ιιι

142 4456 145 4459 ’
228 4447 285 4506 lae.
303 4453 329 4516 5,
351 4453 392 4519 16,
410 4454 439 4504 in
457 4453 583 4509 aratiam.
603 4460 690 4509 Bran.
708 4455 779 4517 ctar.
796 4458 826 4517 dr
845 4457 923 4523 aare.
942 4460 970 4515 il·
992 4477 1018 4529 p·
1032 4459 1090 4519 ,468
1108 4474 1144 4521 tt·
1268 4500 1271 4509 =
1298 4484 1302 4493 '
1427 4512 1432 4519 .
