3144 5056
236 345 301 419 148
699 342 737 409 li.
754 341 790 409 F.
808 340 989 406 wernsdorl

236 542 277 591 ιο
299 518 405 582 eboros
428 515 608 594 instaurent,
632 536 670 578 ne
693 514 978 583 commiserationibus
1001 521 1030 576 et
1053 507 1243 581 ebrietatibus
1267 525 1301 569 se
1324 503 1454 569 tradant.

239 609 326 687 Quae
343 603 450 686 omnia,
467 602 517 685 qui
531 613 631 667 vetare
644 604 791 686 potuisset
807 602 882 667 Gre
895 600 1053 683 gorius,
1070 598 1128 660 nisi
1144 598 1221 660 diem
1240 591 1368 656 natalem
1385 592 1453 693 Ilo:

232 693 327 771 mini,
353 703 490 774 tanquam
514 691 590 754 diem
616 690 808 755 saturnalium
838 710 857 751 a
884 680 1060 751 Christianis
1077 685 1125 766 agi
1142 682 1331 749 etludicrnm
1347 679 1454 743 baben

238 780 382 846 vidisseti
422 779 496 843 Nam
523 779 580 841 ista
603 779 719 860 quidem
744 777 841 841 omnia
868 776 973 839 diebus
996 773 1197 839 saturnalibus
1219 771 1297 852 apud
1322 765 1453 869 gentiles

236 867 329 932 moris
343 866 472 929 inerunt.
503 864 562 928 Sed
579 866 679 946 grauis
694 865 752 931 ista
768 863 925 927 admonitio
951 860 1140 943 Gregorii
1165 862 1202 923 de
1226 855 1317 921 uamli
1340 853 1454 919 Cbrrsti

238 976 300 1019 non
322 951 514 1017 saturnalium
530 973 611 1015 more
628 953 813 1029 celebrando,
828 970 931 1034 parom
948 949 1045 1012 effecit
1060 950 1137 1030 apud
1150 940 1454 1025 Constantinopolita-

239 1063 313 1119 uos,
336 1044 410 1124 qnos
435 1059 497 1103 sec.
521 1038 618 1101 adbuc
643 1063 671 1120 p.
696 1038 766 1102 Cbr.
784 1039 821 1102 X.
839 1038 981 1120 ejusmodi
1000 1036 1100 1101 luxum
1117 1046 1145 1097 ot
1164 1031 1307 1109 conriria,
1325 1029 1453 1112 prolana

239 1128 435 1193 saturnalium
458 1127 698 1190 consuetudinem
726 1124 898 1204 redolentia,
926 1144 1061 1202 amasse,
1099 1144 1137 1186 ex
1159 1113 1453 1200 Luitprando*)

239 1216 459 1298 cognoscimus.
498 1216 602 1297 Neque
626 1214 712 1277 bodie
744 1212 836 1277 nostri
862 1213 995 1293 homines
1021 1222 1135 1292 tempus
1157 1206 1316 1271 nativitatis
1340 1202 1453 1269 Christi

240 1305 299 1369 alio
316 1304 494 1385 transigunt,
511 1324 598 1384 quam
615 1323 650 1365 eo
666 1323 766 1380 moro,
802 1298 983 1382 quern'npnd
1006 1320 1079 1362 suos
1104 1307 1185 1360 notat
1207 1316 1243 1358 ac
1264 1290 1455 1375 reprehendit

240 1392 418 1457 Naniann
429 1411 502 1454 enu
512 1389 590 1474 e**).
605 1389 665 1451 Sed
683 1390 755 1450 baec
770 1408 789 1449 a
806 1388 969 1469 gentilibus
980 1387 1085 1449 tradita
1100 1395 1198 1448 serrat
1213 1380 1352 1446 ecclesia.
1368 1381 1453 1443 Gan-

241 1479 320 1542 rivia
344 1487 373 1540 et
395 1478 465 1558 ipsa
478 1472 631 1553 celebrat,
657 1497 713 1557 qno
730 1474 864 1556 inprimis
885 1475 1011 1556 pertinet
1034 1472 1154 1554 publica
1175 1471 1229 1534 illa
1257 1480 1289 1533 ct·
1309 1467 1454 1531 sollennia

242 1564 425 1644 compotatio,
441 1583 527 1645 quam
544 1562 656 1625 romani
672 1561 825 1642 pontifices
840 1561 906 1643 ipso
922 1558 1030 1623 natalis
1047 1559 1157 1623 Christi
1180 1559 1227 1624 dio
1259 1557 1304 1620 rel
1328 1556 1361 1623 iu
1386 1555 1453 1637 ejus

240 1651 373 1736 vesperis
394 1650 544 1714 celebrare
570 1647 684 1729 solent,
708 1651 746 1712 ab
770 1649 1001 1731 Augustino
1025 1646 1204 1711 Patricio
1229 1641 1454 1709 Picolomi·

240 1736 409 1816 naeo***)
427 1746 594 1802 memorata.
816 1805 818 1811 ,
1323 1757 1336 1769 ·

321 1824 478 1888 Celebrate
492 1830 572 1888 'snut
591 1822 756 1888 saturnalia
772 1846 831 1886 non
855 1833 965 1887 tautum
989 1821 1145 1898 conririis,
1171 1822 1224 1883 sed
1252 1819 1337 1882 etiam
1360 1814 1454 1894 ludis,

241 1911 292 1998 qui
309 1912 397 1975 simili
414 1912 574 1976 rationein
590 1913 723 1977 natalitia
746 1914 817 1976 iesu
834 1911 945 1974 'Christi
969 1922 1037 1974 suut
1060 1906 1204 1974 translati.
1238 1909 1293 1971 Est
1319 1906 1396 1969 enirn
1421 1904 1454 1966 in

228 2002 416 2084 ‘quibusdam
433 2000 608 2065 Germaniae
625 2000 783 2083 provinciis
797 1999 977 2063 inveteratus
993 2019 1075 2077 mos,
1090 2008 1122 2060 nt
1137 1997 1169 2059 in
1186 1993 1297 2077 vigiliis
1313 1993 1453 2057 nativita-

241 2088 280 2153 tis
299 2087 618 2152 domiuicae‘lromines
642 2088 759 2170 quidam
785 2087 906 2166 larvali,
930 2086 1032 2149 nescio
1053 2107 1138 2167 quem
1154 2095 1287 2147 sanctum
1302 2081 1453 2145 Christum

241 2175 375 2238 mendaci
395 2176 494 2257 specie
512 2176 682 2252 relerentes,
700 2196 752 2256 per
766 2175 830 2238 rias
846 2175 989 2251 oberrent,
1007 2173 1108 2254 pueris
1125 2183 1233 2234 melum
1248 2170 1407 2247 incutiant,
1426 2177 1455 2230 el

241 2262 358 2346 pietatis
376 2262 460 2326 larva
475 2263 612 2340 comicos,
627 2262 781 2340 fanaticos,
799 2262 886 2323 immo
903 2248 1067 2342 flagitiosos
1083 2260 1168 2343 etiam
1185 2259 1271 2322 lusus
1288 2268 1454 2333 exerceant,

241 2368 315 2429 quos
332 2347 481 2429 pontificia
497 2348 624 2410 ecclesia
640 2352 677 2410 ab
700 2349 764 2411 istis
779 2348 933 2429 gentilium
950 2347 1152 2411 saturnalibus
1177 2349 1313 2429 acceptos
1336 2347 1374 2408 ad
1397 2363 1452 2407 uos

241 2435 456 2517 bausmisit†).
488 2436 551 2498 Nec
567 2437 674 2497 desunt
690 2457 725 2499 es
741 2446 870 2518 ternpore
885 2435 916 2496 in
933 2443 1018 2498 coetu
1036 2434 1186 2516 pontilicis
1204 2432 1372 2498 comoediae
1396 2450 1454 2501 nae

242 2545 462 2577 ..ff-,—
1375 2536 1394 2553 ..

243 2604 387 2677 ἆλρλσῑλᾱ·
406 2588 454 2675 1μδ
478 2605 566 2656 λίθων
595 2604 756 2674 διαυγελαις,
780 2602 820 2677 μὴ
834 2605 942 2676 χρυσοῦ
962 2597 1216 2687 περιλόμιμισι,“μὴ
1233 2594 1390 2673 χρωμάτων
1408 2614 1457 2654 σο·

243 2680 374 2755 φλσμοισι,
393 2672 626 2744 protosevasti
644 2674 771 2764 μουσικὸν
789 2671 898 2742 κάλλος,
916 2672 1050 2729 καὶκατὰ
1072 2693 1117 2738 της
1135 2672 1454 2755 ιλκονοςιδξινρηκένωκν·

241 2740 282 2812 μὴ
299 2759 396 2811 κομοις
416 2742 463 2794 καὶ
487 2743 602 2807 μέθαις,
628 2762 668 2804 ore
686 2750 779 2804 κοίτας
794 2745 841 2795 καὶ
857 2742 1000 2812 ἀσελγείας
1017 2738 1079 2797 οἶδα
1098 2742 1312 2810 συνεζευγμένας
1337 2736 1457 2793 tattone

241 2811 336 2863 κακῶν
363 2804 540 2863 διδασκάλων
564 2810 636 2865 κακὰ
665 2811 698 2865 τὰ
724 2808 888 2883 μαθήματα·
932 2806 1041 2898 μᾶλλον
1068 2810 1100 2863 δὲ
1132 2811 1263 2878 ποοηρῶν
1286 2802 1456 2890 σπερμάτων
1565 2820 1568 2859 ἰ

241 2877 348 2946 πονερὰ
374 2876 407 2930 τδι
438 2875 568 2948 γεώργια·
616 2880 655 2952 μὴ
687 2875 819 2946 στιβάδας
850 2877 958 2947 ὑψηλας
990 2875 1144 2962 sareptae
1177 2880 1392 2944 σκηνοποιοῦτες
1422 2890 1455 2949 tp

241 2951 344 3017 γαστρί
366 2945 400 2999 toi
424 2949 470 3012 τῆς
495 2941 634 3018 θρύψεως·
666 2947 705 3019 μὴ
729 2943 890 3019 τιμήσομεν
911 2950 996 3000 oteres
1022 2965 1085 3005 τους
1111 2946 1278 3016 ἀνθοσμίας,
1303 2946 1455 3013 ὀψοποιῶν

241 3020 427 3088 μαγγανείας,
457 3012 555 3087 μύρων
587 3020 770 3076 πολυτελείας,
799 3047 833 3062 -
867 3049 899 3060 -
930 3010 1008 3069 Λλλολ
1034 3017 1118 3068 ταῦτα
1143 3014 1198 3083 μὲν
1226 3009 1334 3078 Ἕλλησι
1360 3016 1456 3083 παρῶ-

197 3123 201 3127 ,
231 3084 311 3156 μεν,
336 3086 383 3137 καὶ
406 3085 557 3151 ἑλληνλκοῖς
580 3081 700 3156 κόμποις
727 3086 775 3137 καὶ
797 3087 995 3152 πανηγυρέσιν·
1044 3084 1080 3136 Οἳ
1103 3083 1150 3134 κοιλ
1175 3078 1256 3141 θεοὺς
1277 3078 1456 3152 »ὀνομάζουσι

231 3159 368 3214 ’κνίσσαις
383 3157 542 3223 χαίροντας,
562 3157 608 3206 καὶ
625 3147 787 3213 ἀκολούθως
806 3148 836 3206 τὸ
857 3157 936 3205 θεῖον
954 3153 985 3225 τῇ
1003 3153 1102 3221 γαστρὶ
1121 3153 1315 3234 depraedatores·
1333 3155 1457 3233 πονηροὶ
1567 3120 1568 3191 l

229 3224 375 3292 <πονηρῶν
402 3218 547 3294 δαιμόνων
573 3224 620 3276 καὶ
645 3214 766 3275 πλάσται
796 3223 843 3274 καὶ
858 3223 1040 3292 μσστιιγωγολ
1068 3221 1116 3274 καὶ
1132 3223 1236 3290 μοσται
1262 3235 1456 3290 removeatur·

230 3288 321 3362 'ipsis
340 3290 382 3360 dl,
400 3295 440 3352 οἱς
454 3285 536 3361 λόγος
556 3290 586 3345 τό
604 3286 861 3364 προσκυνούμενον,
880 3288 935 3342 κᾶν
953 3310 980 3344 τι
998 3289 1045 3377 δὲῃ
1065 3291 1185 3361 spumis,
1209 3290 1240 3343 ἔν
1256 3283 1331 3357 λόγῳ
1350 3285 1455 3360 τρυφή-

243 3377 352 3433 σωμεν,
379 3361 426 3413 καὶ
444 3365 511 3429 θείῳ
536 3354 615 3428 νόμῳ
643 3362 689 3413 καὶ
712 3354 865 3431 διηγήμασι
884 3364 942 3420 τοῖς
968 3377 996 3415 τε
1012 3361 1167 3419 ιιλλοιςκαλ
1184 3359 1213 3419 ἐξ
1232 3347 1272 3410 oia
1289 3352 1305 3421 ἡ
1323 3362 1454 3426 nepotum

242 3424 407 3499 πανήγυρις.
445 3431 485 3483 ltu
509 3431 671 3501 intelligitur,
694 3430 991 3497 constantinopolitanos
1017 3431 1043 3483 iu
1069 3430 1141 3483 l'eriis
1166 3430 1261 3482 natalis
1282 3430 1379 3482 Christi
1396 3446 1455 3500 spc-

243 3502 357 3564 ctncnlu,
376 3501 478 3564 oboros,
498 3501 734 3564 commissotiooes,
751 3499 986 3567 compotationes,
1012 3500 1163 3555 muliebrem
1187 3506 1305 3552 ornatura
1328 3507 1356 3552 ct
1379 3515 1454 3554 ornus

243 3569 320 3623 luxus
341 3584 431 3634 penus,
450 3569 518 3636 qnod
536 3568 562 3620 iu
583 3569 758 3620 saturnalibus
776 3574 892 3620 veterum
913 3568 1047 3634 regnabat,
1068 3585 1179 3621 amasse.

312 3637 342 3705 e)
362 3639 463 3689 Hister.
482 3639 511 3702 6,
532 3641 558 3692 3.
587 3637 642 3691 ait:
668 3642 717 3688 Est
737 3638 958 3704 Constantinopoli
977 3639 1074 3702 domur,
1106 3655 1174 3707 qnae
1193 3640 1347 3695 Deeaenoeu
1366 3638 1455 3690 ondita

242 3718 360 3770 noratur,
379 3707 442 3777 quia
458 3706 498 3756 itt
519 3706 685 3770 undeviginti
700 3713 801 3757 mensae
820 3707 849 3756 r'rr
869 3725 917 3772 ea,
937 3725 1005 3775 purae
1028 3709 1167 3759 renuardum
1191 3725 1294 3758 earnem
1322 3717 1376 3773 est,
1402 3708 1455 3758 Do·

242 3779 308 3829 mirri
331 3777 415 3831 nostri
436 3777 501 3825 Iesu
531 3775 627 3824 ctrisrt
652 3777 791 3825 nativitate
815 3778 1002 3841 apponuntur,
1030 3776 1058 3825 ιἰι
1082 3776 1175 3845 quidese
1194 3776 1335 3842 imperator
1353 3787 1378 3827 et
1396 3795 1455 3835 eon·

243 3849 318 3896 cicae
334 3844 502 3896 recumbendo
520 3844 668 3908 epulantur.
705 3844 792 3904 Addit,
813 3851 875 3894 tuno
894 3861 942 3895 nou
965 3845 1111 3909 argenteis,
1134 3847 1181 3896 sed
1202 3845 1288 3899 eureis
1313 3847 1382 3899 vasis
1406 3849 1454 3903 mi·

216 3914 366 3980 ,nistrerir
403 3918 528 3965 memoret
546 3912 624 3965 etiam
644 3912 718 3965 indos
738 3914 763 3963 in
783 3914 836 3964 boc·
856 3914 993 3964 nativitate
1013 3910 1115 3965 Domini
1137 3915 1239 3967 babilas
1265 3920 1292 3967 ot
1316 3931 1393 3970 unum
1421 3916 1454 3969 cb

243 3982 439 4035 admirationem
463 3981 596 4034 describit.
622 3997 647 4032 o.
666 3984 692 4036 l.
715 3981 770 4034 Gir.
793 3980 864 4034 lob.
883 3981 953 4036 lac.
972 3980 1086 4035 llbode
1113 3982 1145 4033 δι
1170 3985 1291 4035 conviviis
1314 3986 1455 4042 natalitiis.

215 4084 217 4088 ι
243 4047 372 4115 (Regiam.
394 4052 484 4110 1716.)
500 4067 526 4120 p.
548 4053 589 4106 19.
1177 4116 1180 4119 ,

198 4139 223 4171 ,·
312 4113 356 4198 ἢ)
381 4116 512 4186 improbat
539 4120 587 4171 boc
614 4126 641 4170 et
658 4119 807 4202 indignatur
831 4119 860 4171 G.
880 4118 1083 4187 Wildvogel
1102 4137 1125 4176 c.
1143 4122 1162 4173 l.
1183 4129 1249 4176 sect.
1267 4124 1294 4178 8.
1315 4118 1409 4196 ¹¹·.‘²⁶
1427 4140 1456 4174 eo

243 4186 848 4318 wassillwlllliitlloeltielillt‘iastlilltsuirarcum
866 4260 1064 4308 ceremoniarum
1084 4261 1156 4312 Rom,
1173 4260 1244 4316 Ecel.
1261 4274 1334 4325 quem
1351 4259 1395 4311 Cli
1405 4259 1456 4313 ri-

244 4330 307 4379 ato.
329 4320 526 4374 Marcellus
545 4325 643 4390 edidit,
663 4327 708 4378 sed
735 4325 767 4377 ob
794 4327 927 4391 publicata
951 4327 1045 4378 ibidem
1074 4325 1149 4377 aulae
1174 4324 1320 4393 pontificiae
1346 4344 1454 4395 aroana,

244 4407 310 4460 qnae
330 4391 394 4444 satis
412 4388 597 4456 demonstrant,
619 4395 683 4445 nibil
701 4394 804 4445 bomani
832 4411 848 4449 ο
871 4394 993 4457 {liburnio
1021 4395 1140 4461 praeside
1165 4392 1277 4449 alienum
1302 4413 1378 4465 esso,
1405 4415 1456 4463 uon

243 4468 362 4528 maguam
378 4460 444 4528 apud
463 4474 524 4511 suos
544 4461 654 4525 gratiam
671 4463 738 4513 iniit.
759 4460 791 4513 L.
811 4461 844 4513 ll.
864 4481 890 4530 p.
912 4466 969 4516 1ttl.
990 4464 1051 4518 edt't'.
1074 4467 1166 4517 Vener.
1184 4464 1212 4513 t'n
1229 4465 1275 4531 fel.

266 4604 268 4608 ,
312 4531 346 4598 †)
364 4528 458 4583 Venire
479 4530 547 4580 bunc
566 4530 644 4581 ritum
664 4545 680 4582 a
699 4531 876 4584 saturnalibus
894 4532 1166 4602 ethnicorum,'pntat
1183 4531 1302 4595 Joucb.
1328 4534 1456 4591 Hilde-
1496 4554 1501 4560 ·
