3144 5056
218 266 235 275 ’
323 272 360 334 do
382 267 457 352 orig.
473 267 579 334 solleu.
597 255 688 337 nard.
704 270 775 339 (ibn.
792 292 829 339 ex
844 254 942 340 fontir.
956 273 1064 342 natalis
1080 275 1190 343 invicti.
1294 260 1361 346 'lbl

141 445 179 506 'in
192 445 271 526 ipsis
285 443 402 524 uigiliis
417 444 613 508 natalitiorum
638 448 721 510 auria
737 449 822 526 dono,
850 448 979 529 ejusdem
996 448 1106 513 Christi
1122 451 1255 530 nornine,
1273 474 1361 536 quem

150 534 202 615 per
226 529 345 612 tegulas
371 542 459 614 atque
482 533 628 597 fenestras
653 534 772 596 clausas
797 554 886 597 curru
911 545 1016 599 onusto
1039 538 1154 619 in'gredi
1171 542 1359 613 narrantibus

150 619 322 699 creduut*).
351 620 398 681 Ea
414 618 505 683 causti
523 630 582 699 est,
615 641 667 683 our
682 643 737 700 per
752 623 825 685 istos
841 623 904 685 dies
921 624 1110 687 instituantur
1124 640 1280 709 mercatus,
1308 629 1359 712 qui

148 707 265 795 quidem
280 707 372 769 rideri
389 718 513 788 possunt
525 708 635 771 referre
654 709 782 789 speeiem
806 712 1070 792 sipillonionom**),
1097 734 1170 794 quae
1189 720 1266 796 apud
1281 724 1358 797 geu'·

142 795 214 857 tiles
235 796 390 858 Romanos
416 816 485 877 pars
509 796 737 858 saturnaliorum
760 797 889 860 fuerunt.
922 798 1077 862 Cernimus
1102 801 1224 863 enimin
1247 803 1358 879 vigiliis

145 882 307 944 nativitatis
322 882 429 943 Christi
444 902 548 944 venum
565 883 699 964 exposita
714 884 1029 968 sigillariasireparra
1042 887 1128 967 signa
1144 897 1173 950 et
1188 889 1358 968 simulacra,
1404 915 1410 927 ·

148 990 186 1031 ex
203 988 273 1032 aere
292 978 320 1032 et
334 968 413 1047 lirtili
432 970 553 1033 materia
569 971 710 1047 conflata,
729 993 787 1031 non
805 993 893 1035 secus
910 985 997 1055 utque
1014 974 1082 1036 olim
1105 974 1137 1035 in
1155 974 1218 1037 rico
1235 977 1358 1053 Romae,

147 1057 197 1137 qui
216 1054 393 1137 sigillarium
409 1059 578 1134 uocabatur,
594 1057 665 1119 talia
681 1058 796 1122 venalia
814 1071 915 1138 erant,
936 1082 1023 1143 quum
1041 1069 1178 1142 parentes
1194 1066 1302 1142 lucum,
1327 1073 1359 1126 ut

88 1170 91 1181 ¹
148 1144 188 1205 uit
203 1145 329 1206 Macro
340 1143 505 1218 tinem),
520 1152 642 1226 neptunii
659 1148 749 1207 uditate
764 1149 904 1223 infantiae
919 1152 1023 1211 oscillis
1041 1150 1170 1225 fictilibus
1180 1153 1358 1233 praebebunt,

146 1231 249 1313 Neque
262 1231 329 1313 ipse
345 1234 418 1293 adeo
436 1230 567 1312 pontifex
584 1253 721 1294 romanus
738 1254 773 1295 eo
789 1241 919 1316 temporo
929 1243 1026 1296 cessat
1035 1236 1205 1298 muneribus
1217 1237 1357 1318 prosequi

149 1339 230 1394 suos,
245 1326 393 1401 peragens
409 1318 437 1378 iu
457 1330 542 1381 noeto
559 1319 717 1382 nativitatis
736 1321 844 1384 Christi
868 1323 1099 1384 benedictionem
1123 1321 1215 1403 gladii
1231 1334 1261 1385 et
1279 1323 1357 1404 pilei,

146 1425 222 1487 quae
239 1414 383 1487 tamquam
401 1426 525 1469 munera
542 1409 578 1468 ad
604 1407 683 1468 uiros
708 1407 874 1489 principes,
897 1406 1086 1472 deecclesia
1110 1409 1257 1493 pontificia
1283 1413 1357 1475 bene

141 1492 274 1570 meritos,
287 1492 410 1555 honoris
425 1514 461 1556 ao
476 1490 698 1557 beneuolentiae
715 1515 805 1557 eausa
820 1494 932 1558 mittere
947 1497 1110 1569 cousuevit.

233 1581 335 1661 Neque
348 1590 441 1641 tamen
461 1580 658 1642 contenderim
674 1581 908 1662 superstitiones,
927 1604 1001 1665 quas
1018 1583 1098 1644 multi
1116 1582 1212 1644 adbuc
1227 1582 1260 1644 iu
1277 1582 1356 1660 rigi-

145 1664 195 1728 liis
213 1666 371 1729 nativitatis
394 1666 501 1745 Claristi
519 1680 673 1744 exercent,
692 1690 792 1730 omues
809 1681 837 1731 ot
853 1670 988 1750 singulas
1005 1692 1045 1732 ex
1060 1669 1262 1732 saturnalibus
1275 1677 1357 1732 rete·
1408 1724 1412 1731 ,

54 1773 59 1778 ·
144 1776 208 1816 rum
227 1754 401 1817 derivandos
417 1775 494 1835 esse.
526 1755 601 1819 Nam
619 1756 803 1839 quodvulgo
825 1756 978 1834 homiues,
996 1757 1114 1834 nescio,
1143 1757 1357 1841 quae‘abomi.

144 1844 243 1904 nando
261 1840 358 1903 omnia
374 1840 534 1904 defuturis
550 1842 661 1923 nuptiis
676 1853 705 1904 et
722 1853 800 1905 statu
815 1863 850 1905 ac
867 1845 1032 1906 conditione
1050 1865 1123 1922 sna,
1150 1853 1208 1905 tum
1224 1844 1356 1923 corporis

144 1938 205 1990 tum
219 1928 370 2002 iomanes,
383 1928 554 1992 vanissimis
574 1940 602 1990 et
616 1922 834 1992 scelestissimis
852 1933 965 1993 artibus
982 1933 1118 2012 capiunt,
1142 1931 1172 1991 in
1190 1952 1224 1995 eo
1243 1929 1310 1990 milri
1328 1938 1357 1992 et

145 2015 208 2096 ipse
232 2016 379 2078 residuam
406 2027 535 2079 votorum
563 2016 737 2078 Germaniae
761 2017 934 2098 populorum
959 2018 1236 2100 superstitionom†)
1256 2019 1357 2078 videor

73 2119 75 2125 ’
146 2104 373 2184 deprehendere.
408 2102 622 2186 Hujusoemodi
640 2104 864 2185 superstitiosas
882 2117 989 2184 sortes,
1004 2102 1066 2186 jam
1082 2126 1137 2167 suc
1153 2114 1281 2184 tempore
1299 2125 1356 2165 no.

144 2190 215 2252 tavit
240 2190 486 2271 Discipulos
500 2190 644 2271 'Augus
655 2192 680 2253 ti
693 2191 808 2270 ni††).
842 2193 919 2254 Nata
936 2204 980 2255 est
996 2194 1042 2254 bis
1057 2194 1147 2254 rebus
1164 2191 1282 2252 occasio
1298 2194 1356 2252 du-

144 2274 215 2357 plici
233 2296 270 2338 ex
287 2297 395 2354 causo,
420 2287 497 2354 turn,
524 2280 601 2360 quod
620 2288 732 2340 amores
750 2276 904 2343 solstitium
920 2278 1053 2342 brumale
1076 2279 1106 2339 iu
1129 2278 1204 2342 diem
1220 2279 1272 2340 25.
1291 2279 1355 2340 deca

145 2363 273 2424 fixerunt
295 2367 426 2447 adeoque
444 2365 528 2428 istam
555 2376 667 2427 noctem
692 2365 836 2445 singulari
862 2368 1073 2428 observandam
1100 2385 1171 2426 cura
1199 2367 1355 2441 duxerunt,

145 2459 205 2511 tum
223 2451 318 2529 etiarn,
339 2454 415 2533 quod
429 2451 548 2532 antiquo
565 2451 733 2531 vigiliarum
748 2451 808 2515 ritu
823 2455 976 2533 abrogato,
1002 2456 1177 2533 pervigilaret
1200 2459 1357 2514 natiuitatis

128 2541 250 2600 ‚Gbnicti
267 2538 361 2599 solum
378 2548 520 2601 retentum
537 2538 592 2600 fuit
606 2537 695 2619 †††).
1450 2536 1457 2543 ⁸

140 2683 389 2699 -t-p-n—-u—-ut

146 2786 150 2789 ἡ
207 2757 242 2828 *)
262 2758 393 2825 Quomodo
420 2761 484 2811 boec
509 2760 681 2811 adversentur
710 2760 856 2827 praeceptis
876 2758 987 2822 divinis,
1017 2759 1077 2826 quin
1097 2757 1216 2810 tribuunt
1240 2755 1354 2820 Christo,

142 2843 208 2895 quae
227 2828 285 2894 ejus
310 2840 420 2894 pennoso
440 2825 516 2895 piune
542 2831 743 2893 indiguerunt,
772 2835 798 2879 ot
826 2828 950 2895 quomodo
969 2828 1071 2893 iniquos
1091 2828 1122 2877 de
1142 2826 1195 2877 lieo
1216 2833 1356 2894 conceptus

141 2898 355 2964 proclament,
379 2897 467 2947 docuit
490 2897 660 2948 Penoldus
686 2898 749 2948 diss.
775 2897 820 2947 cit.
845 2898 875 2947 it.
895 2895 1012 2947 Mattb.
1034 2896 1233 2948 Dresserus
1261 2896 1293 2945 do
1316 2895 1357 2958 fe·

140 2966 343 3019 adstrictior.
367 2981 394 3032 p.
422 2969 500 3031 312.·,
526 2967 655 3018 ethnicam
676 2973 761 3017 autem
780 2966 904 3031 originem
931 2964 1168 3032 Hospiuiauus
1196 2968 1223 3029 2,
1247 2979 1272 3031 p.
1296 2968 1354 3017 ¹71.

140 3034 264 3085 ostendit.

206 3098 255 3165 μ)
281 3103 439 3166 similaris,
467 3117 482 3153 n
524 3103 593 3154 arvis
620 3104 713 3167 sigillis
740 3119 761 3155 s.
790 3117 884 3167 genere
907 3103 1044 3167 mucoris,
1064 3102 1130 3169 quod
1149 3102 1298 3170 plerumque
1323 3113 1357 3151 ox

141 3170 215 3221 tiotili
244 3172 377 3221 materio.'
401 3170 467 3221 liiuo
520 3172 666 3222 ertialis
689 3172 741 3236 rt,
768 3175 827 3226 178.
866 3175 926 3220 Sum
951 3170 1077 3237 fragilis,
1101 3172 1148 3221 sed
1165 3180 1195 3219 tn
1214 3186 1301 3219 moneo
1323 3185 1357 3221 ae

141 3241 429 3366 medimnos
447 3308 465 3358 r.
488 3307 509 3358 1.
529 3312 552 3358 o.
572 3306 620 3359 xi.
642 3323 701 3374 pag.
722 3313 783 3361 eoo.

209 3376 243 3438 ᾧ)
264 3375 365 3426 Similia
384 3377 452 3442 apud
473 3373 569 3426 Gothos
587 3377 763 3428 obtinuerunt.
799 3374 859 3429 Vid.
884 3374 898 3426 J
908 3375 956 3427 ob.
976 3373 1103 3426 Ludos.
1134 3371 1355 3425 llnnncmauu
1415 3386 1423 3395 ·

142 3445 174 3495 tle
193 3445 379 3508 superstitione
395 3454 473 3497 omar.
495 3446 644 3496 Gothorum.
665 3444 717 3497 itit.
741 3448 817 3498 1706.
837 3461 863 3511 p·
883 3447 926 3497 iii.

170 3544 174 3549 =
211 3513 266 3579 Η)
287 3511 370 3564 Serm.
389 3512 437 3565 Xl.
458 3513 489 3564 de
509 3520 633 3579 tompore.
671 3520 745 3578 Sunt,
765 3516 812 3581 poi
829 3515 920 3563 debent
939 3529 993 3563 esse
1011 3512 1172 3576 matrimoni,
1194 3512 1262 3580 qnod
1278 3513 1356 3560 istam

141 3590 238 3631 nomm
258 3584 286 3628 r'n
306 3582 368 3630 ludo
386 3591 592 3648 consumserunt,
612 3584 702 3650 quiin
721 3584 832 3648 crepulo
852 3591 878 3630 ct
894 3583 1018 3631 ebrietate
1034 3583 1162 3643 manunt,
1184 3581 1231 3647 qui
1247 3579 1357 3641 infideli-

49 3660 57 3679 ·
142 3650 190 3699 bus
215 3650 271 3699 suis
297 3651 440 3714 sonr‘legiis
465 3656 490 3700 et
506 3652 535 3699 in
556 3655 646 3703 emeris
663 3652 891 3701 incredulitatibus
915 3653 971 3700 scis
994 3659 1095 3713 temrpus
1120 3650 1191 3698 illuct
1207 3649 1357 3699 sacratissi-

141 3728 208 3767 m
227 3725 387 3780 ment,
409 3720 501 3787 quiin
519 3719 560 3768 iris
578 3720 710 3769 duodecim
732 3719 849 3768 noctibus
865 3720 997 3768 cunctatas
1014 3726 1148 3779 exercent,
1174 3715 1221 3784 poi
1244 3714 1357 3763 merulos

141 3789 207 3836 striis
222 3794 340 3850 ponunt,
363 3803 414 3851 per
429 3788 479 3836 boc
496 3786 589 3852 futuru
605 3789 811 3854 praenosticum,
831 3789 877 3855 qui
892 3789 990 3837 calceos
1005 3803 1056 3852 pen
1073 3794 1152 3849 ceput
1164 3786 1289 3851 Joctant,
1312 3783 1359 3851 pati

142 3855 251 3904 arbores
268 3855 386 3917 cingunt,
406 3857 454 3922 qni
469 3870 525 3903 cnm
543 3857 614 3905 micis
633 3866 658 3905 et
675 3856 842 3921 fragmentis,
864 3873 932 3926 qnae
948 3857 1077 3905 tolluntur·
1095 3853 1127 3900 dc
1144 3867 1248 3913 menan,
1272 3852 1300 3898 in
1319 3850 1356 3898 nni·

140 3924 212 3986 gilisa
229 3922 379 3973 nativitatis
401 3923 498 3974 meent
513 3940 562 3972 suc
580 3925 719 3985 sortilegio
740 3933 866 3977 exercent.
904 3926 995 3972 Omnes
1011 3924 1078 3970 icles
1097 3922 1200 3981 meritc,
1221 3919 1289 3968 siem
1307 3934 1356 3967 no-

118 4000 237 4054 scentes,
266 3992 398 4040 exeoeeclt’
422 4000 448 4039 et
473 3994 606 4042 nrnledicti
628 3993 750 4041 incedunt
775 3994 851 4042 bodio
876 3995 904 4043 in
930 4000 983 4039 tom
1010 3992 1085 4038 oleru
1110 3989 1189 4054 hujus
1215 3988 1274 4053 olr'ei
1291 3988 1358 4045 locs:

1 4077 2 4114 Q
80 4116 83 4122 Α
142 4056 225 4109 blatto
242 4059 325 4122 magis
343 4066 429 4111 antem
448 4060 573 4123 urguendi
591 4068 669 4124 sunt,
700 4063 742 4126 qui
762 4068 836 4112 nocte
855 4062 903 4112 lroc
928 4058 1019 4110 salutis
1049 4057 1080 4107 nd
1100 4056 1259 4107 execrandas
1276 4055 1357 4120 mugi-

142 4140 187 4177 cas
207 4133 278 4178 artos
304 4128 462 4190 abutuntur,
500 4128 596 4179 diaboli
622 4129 788 4195 implorantes
817 4128 891 4197 opem
920 4141 1000 4193 eoque
1022 4132 1128 4177 auctore
1154 4124 1245 4177 illicita
1267 4140 1357 4192 perpe-

142 4200 243 4245 trantes
260 4210 355 4262 opera,
384 4213 431 4265 per
449 4196 577 4246 indusium
595 4198 776 4257 necessitatis,
806 4214 854 4264 qao
878 4198 920 4248 ‘ab
941 4195 1008 4249 omui
1027 4209 1153 4246 armorum
1173 4194 1267 4259 injuria
1288 4199 1357 4244 tutos
1395 4212 1401 4243 ι
1483 4250 1488 4253 ,
1571 4217 1572 4232 2

143 4277 170 4313 ss
189 4278 247 4316 esse
266 4264 383 4319 creduut.
402 4266 478 4332 qualo
497 4279 525 4315 se
544 4264 640 4315 vidisse
654 4266 745 4317 scribit
761 4264 915 4317 Wicrins
934 4265 966 4312 de
985 4265 1115 4327 bereng,
1131 4264 1245 4315 damon,
1268 4268 1293 4323 4,·
1314 4262 1354 4319 tir.

107 4374 110 4379 ,
210 4331 282 4399 †††)
305 4331 333 4382 ld
354 4333 517 4385 obseruatum
541 4330 771 4385 aBoubdicto
791 4332 863 4386 XlV.
888 4336 1051 4384 commentar.
1072 4332 1103 4380 de
1121 4330 1195 4395 fectis
1211 4334 1276 4380 Jeso
1296 4330 1355 4379 Chr.v

142 4402 201 4467 pag}
223 4405 286 4452 eati.
308 4401 355 4451 lut.
372 4414 440 4454 vers.
460 4401 600 4468 Postquam
621 4401 688 4452 enirn
707 4402 822 4467 vigiliae,
844 4403 875 4454 ob
894 4402 1004 4463 scelera,
1025 4416 1090 4468 quae
1110 4400 1156 4450 sub
1173 4399 1280 4450 obtentu
1299 4410 1357 4463 ora-7⁴

143 4468 476 4538 tionisoommitteboutur,
498 4470 639 4536 abrogatae
659 4469 781 4537 lucrant,
800 4472 948 4524 substitutis
972 4470 999 4522 iu
1026 4484 1115 4522 earum
1140 4467 1225 4519 locum
1248 4463 1355 4533 iejuniis
