3152 5066
780 1050 934 1145 XXV.

253 1278 558 1465 christoph.
600 1346 834 1438 Vollund
878 1348 935 1437 de
975 1350 1167 1437 &insulsi
1207 1347 1490 1464 mentium
1550 1388 1551 1397 Ν

433 1522 436 1531 ¹
582 1486 628 1574 iu
656 1485 868 1600 primitive
897 1485 1140 1603 enclesie*).
1549 1478 1551 1591 l

341 1701 370 1787 §.
395 1705 424 1767 1.
464 1702 510 1766 na
532 1713 577 1767 eet
599 1723 697 1767 rerum
714 1703 905 1768 humanarum
921 1704 1051 1785 indoles,
1076 1713 1108 1769 ut
1124 1705 1186 1793 jem
1202 1704 1248 1771 rei
1265 1706 1437 1771 nascendo
1451 1703 1483 1765 ad

253 1808 392 1875 supreme
407 1791 530 1874 lastigie
546 1802 574 1855 et
590 1792 690 1856 dorent
705 1789 933 1875 pulcherrimum
950 1804 1111 1875 assurgant
1125 1790 1173 1858 rel
1189 1794 1396 1859 denuscende
1412 1791 1481 1854 adeo

252 1880 285 1942 iu
301 1879 420 1949 ultimas
437 1900 509 1944 sues
526 1878 621 1943 ineas
638 1889 667 1943 et
682 1878 774 1943 inoite
787 1883 896 1944 rudere
912 1890 1107 1960 attenuentur,
1125 1890 1157 1943 nt
1172 1880 1264 1944 diluta
1279 1881 1419 1945 istarum
1433 1898 1479 1939 re-

254 1972 392 2032 maneant
405 1966 544 2051 vestigia,
561 1966 723 2051 exquibus
740 1970 876 2047 obscure,
900 1968 975 2030 istas
987 1970 1134 2051 quondam
1147 1968 1282 2033 extitisse
1302 1985 1477 2050 cognosce·

252 2074 329 2120 runs.
369 2058 445 2121 Cum
468 2077 540 2138 ergo
563 2077 611 2119 res
632 2065 750 2119 nestrae
774 2066 914 2142 perpetuo
937 2056 1021 2120 fluxu
1043 2067 1070 2119 et
1087 2055 1231 2120 constanti
1248 2056 1383 2137 periodo
1407 2052 1478 2115 inter

253 2155 347 2208 ortum
363 2153 451 2227 etque
467 2138 615 2207 interitum
631 2142 800 2219 volventur,
824 2142 869 2205 rei
886 2142 979 2207 otiosa
995 2142 1042 2208 rel
1059 2165 1160 2226 parurn
1178 2143 1282 2208 settene
1301 2144 1394 2207 utilis
1409 2136 1473 2205 niti

253 2230 368 2296 ridetur
386 2253 486 2297 eorum
504 2230 652 2315 quaestio,
678 2230 746 2312 qui,
771 2251 839 2293 uunn
854 2229 1015 2313 antiquitas
1031 2231 1142 2295 doctior
1158 2238 1187 2296 et
1201 2232 1338 2294 feracior
1355 2252 1376 2294 e
1394 2226 1474 2292 iouis

253 2318 347 2381 literis
364 2318 469 2401 inerit,
493 2338 578 2403 quens
594 2317 762 2405 praesentis
779 2328 924 2400 tempera,
949 2318 1106 2402 disputent.
1143 2320 1211 2383 Nou
1232 2319 1358 2402 quidem
1376 2335 1470 2381 corun

254 2416 393 2491 patronos
417 2426 471 2489 uos
488 2402 672 2487 parabimus,
698 2404 748 2488 qui
771 2416 827 2469 tarn
844 2407 1049 2488 superstitioso
1066 2428 1164 2471 enuere
1181 2407 1227 2471 v'el
1248 2429 1306 2470 suo
1321 2400 1471 2471 Aristoteli

253 2492 299 2557 rei
316 2496 418 2557 turbae
436 2492 634 2559 scholasticae
657 2493 703 2557 uel
719 2493 786 2557 aliis
804 2494 889 2559 etiam
906 2495 1058 2559 vetustatis
1082 2492 1199 2579 maguis
1223 2494 1399 2558 nominibus
1416 2511 1467 2573 eg·

252 2579 455 2665 glutinantur,
472 2578 519 2661 ut',
534 2581 657 2644 fideliter
675 2579 705 2643 in
722 2582 880 2646 eorundem
898 2586 986 2645 verba
1000 2585 1153 2667 jurantes,
1170 2584 1207 2645 ab
1225 2582 1300 2665 ipsis
1318 2582 1468 2646 discedere

253 2669 412 2751 piaculum,
430 2668 529 2733 scelus
545 2669 613 2732 eliis
629 2680 815 2751 postponere,
832 2671 961 2733 reintere
978 2692 1047 2733 vero
1064 2668 1465 2752 sacrilegiumesseopiueu-

254 2765 320 2836 lur3
347 2758 421 2820 aden
439 2756 571 2840 quidem,
597 2768 630 2819 ut
645 2757 745 2820 malint
762 2757 954 2839 sanguinem,
979 2766 1066 2840 quarn
1088 2760 1142 2821 luas
1165 2756 1349 2841 antiquitatis
1366 2756 1465 2819 sordes
1545 2712 1550 2873 i

189 2848 199 2855 ”
254 2866 405 2920 cromere3
423 2845 520 2906 minus
537 2854 632 2907 temen
649 2866 749 2907 eorum
765 2846 849 2907 etiam
867 2842 1054 2910 temeritatem
1072 2849 1246 2929 probamus,
1258 2844 1315 2927 ¹qni
1330 2844 1464 2926 entique·

253 2950 318 2994 curu
336 2931 526 2994 eruditionem
544 2930 591 2994 vix
609 2940 721 3011 guttam
737 2934 774 2993 ad
790 2932 931 3013 pelagus,
957 2935 1004 2996 vix
1028 2943 1142 2997 tenuem
1159 2935 1272 2995 radium
1288 2934 1325 2995 ad
1340 2932 1462 2994 irnrnen-

254 3040 319 3082 sunt
335 3017 520 3099 splendorem
536 3018 695 3080 hodiernae
717 3019 865 3081 doctrinae
881 3021 976 3082 inisse
998 3029 1159 3084 autument.
1196 3020 1358 3085 Modestiae
1382 3022 1461 3079 certe

254 3106 372 3188 signum
390 3117 445 3183 est,
461 3106 486 3168 si
505 3127 562 3167 non
581 3105 610 3165 in
630 3105 777 3186 plerisque
793 3116 850 3168 tarn
865 3107 1021 3170 ambitioso
1036 3108 1193 3188 supercilio
1209 3107 1414 3188 nosmetipsos
1430 3110 1459 3162 et

254 3203 356 3257 nostre
378 3204 510 3274 tempora
525 3193 653 3274 antiquis
670 3193 888 3275 praeferamus,
915 3196 1040 3259 rnaxiune
1064 3196 1091 3257 si
1114 3195 1351 3275 consideremus,
1374 3207 1457 3273 quam

255 3304 349 3364 pauca
371 3283 541 3363 incorrupte
557 3291 741 3344 ruonunnenta
757 3283 921 3367 supersint,
947 3306 983 3345 ex
1009 3282 1116 3365 quibus
1141 3294 1227 3347 totam
1245 3280 1456 3364 amplitudinem

254 3380 387 3433 vetustae
404 3369 577 3431 eruditionis
589 3391 647 3430 non
664 3369 765 3432 iicebit
777 3369 915 3443 dimetiri,
932 3373 1001 3432 hen
1013 3372 1141 3451 plurime
1154 3393 1219 3434 curn
1233 3381 1376 3435 vetustate
1388 3369 1457 3430 abo-

253 3457 395 3519 leverunt.
434 3457 554 3518 Accedit
570 3457 634 3532 his,
662 3459 738 3538 qnod
756 3457 941 3538 nosmetipsi
959 3460 996 3520 de
1011 3468 1175 3522 nostrorum
1199 3460 1262 3523 sive
1278 3458 1455 3540 ingeniorum

253 3543 315 3606 sive
332 3555 492 3625 ternpornnn
510 3543 647 3606 iciicitetc
664 3566 721 3606 nou
736 3544 871 3627 judicare
883 3546 1054 3623 debeamus,
1071 3549 1138 3610 dum
1152 3547 1240 3609 facile
1257 3557 1343 3608 natus
1358 3541 1455 3609 uobis·
1546 3556 1548 3561 ’

255 3653 320 3695 curu
338 3631 430 3694 nostri
449 3652 531 3692 umor
547 3631 594 3693 hio
610 3630 738 3694 luxuriet
760 3643 788 3694 et
810 3628 946 3714 propria,
971 3654 1057 3713 quam
1075 3635 1208 3714 egimus,
1234 3654 1327 3695 cause
1341 3626 1455 3695 summis
1544 3690 1545 3693 ,

252 3742 308 3783 uns
325 3720 467 3805 opprimet
482 3719 680 3802 praejudiciis.
704 3721 767 3782 Nos
782 3730 870 3797 certe,
887 3722 1004 3800 quaudo
1017 3722 1218 3803 expendimus,
1235 3742 1320 3803 quem
1336 3717 1455 3800 grauiter
1546 3788 1547 3793 η

252 3812 400 3890 quondam
418 3809 544 3885 Seneca,
562 3827 647 3887 quarn
664 3817 801 3869 occurate
817 3807 978 3887 Epictetus,
996 3828 1082 3889 quem
1099 3809 1244 3871 subtiliter
1254 3807 1337 3871 Plato
1354 3811 1389 3871 dc
1400 3806 1454 3868 ileo
1546 3816 1547 3823 ¹

250 3901 401 3979 relnsque
418 3895 541 3972 diuinis,
565 3894 774 3957 invirtutibus
791 3895 962 3976 scripserint
986 3895 1176 3978 egerintque:
1201 3918 1219 3958 a
1242 3907 1342 3959 nostro
1367 3892 1452 3956 auimo
1545 3922 1546 3925 ¹

253 3983 408 4065 impetrare
425 4006 483 4046 non
501 4002 670 4067 possumus,
697 3993 728 4045 nt
744 3980 813 4045 ullis
830 3994 948 4061 nestrae
965 3984 1070 4046 aetatis
1088 3980 1271 4064 philosophis
1287 3983 1332 4047 rei
1350 3994 1452 4065 aequas

213 4144 215 4147 ¹
252 4071 298 4134 vel
317 4070 429 4151 prienes
444 4082 544 4151 perles
561 4071 617 4133 hoc
633 4071 664 4132 in
681 4091 776 4134 rerum
794 4091 904 4151 genere
921 4071 1097 4135 deferemus.
1134 4070 1283 4154 Quicquid
1308 4080 1402 4135 tannen
1421 4063 1452 4128 sil
1544 4078 1546 4099 ¹

252 4161 288 4221 de
305 4158 394 4222 totius
410 4158 498 4239 injus
515 4158 695 4240 quaestionis
713 4158 890 4236 curiositate,
907 4157 1023 4221 tolerari
1041 4158 1096 4222 ista
1113 4170 1222 4242 posset,
1239 4160 1277 4237 si,
1293 4169 1326 4221 ut
1341 4160 1373 4220 in
1390 4160 1452 4219 doc·
1543 4154 1546 4247 j

170 4238 174 4263 ¹
253 4246 329 4311 trine
352 4248 472 4324 rudem,
494 4245 535 4308 itu
558 4255 587 4309 et
611 4247 642 4308 iu
666 4246 793 4328 simplici
818 4256 846 4308 ot
868 4248 1020 4309 emendato
1036 4268 1116 4311 more
1138 4247 1273 4330 optimam
1292 4252 1451 4313 recusetur

265 4407 478 4426 -ι--ι-ι-ῠ

320 4504 347 4576 *)
367 4503 477 4574 Prodiit,
497 4517 585 4574 prees.
604 4502 629 4558 J.
648 4500 684 4558 Μ.
704 4502 828 4574 Sonuere,
847 4503 940 4579 Alteri
957 4478 1036 4563 1707.
1055 4503 1082 4562 t.
1133 4582 1138 4587 .
