3144 5056
313 306 350 401 do
368 297 445 381 orig.
462 296 569 366 eolles.
584 296 676 365 notai.
691 295 763 363 (tlte.
781 316 819 362 ex
835 299 933 363 testis.
952 296 1060 364 natalis
1075 297 1188 366 invicti.
1290 299 1354 369 lli

228 476 293 541 lam
310 471 388 537 enirn
404 469 604 555 tranquillatis
626 472 718 535 robus
736 470 970 537 Christianorum
987 482 1017 536 et
1030 472 1153 555 imperio
1168 475 1205 536 ad
1232 493 1285 536 ess
1301 478 1356 539 do·

136 560 250 639 voluto,
265 558 335 624 fasti
353 557 481 641 gentiles
503 562 539 621 ud
563 558 720 623 eorundem
736 580 822 623 nsum
846 571 874 622 et
897 560 1026 624 rationes
1051 564 1356 626 accommodabuntur.

139 648 254 730 ltaque,
272 646 322 729 qni
339 647 417 709 banc
433 646 771 728 operam'susoepsrant,
802 667 911 708 anuum
927 647 986 711 diei
1011 648 1156 729 cujusque
1180 648 1357 712 Christianis

47 794 56 811 ,
138 735 209 799 festi
236 732 422 798 sollennitate
439 734 655 815 distinguendi,
683 754 773 814 quum
788 732 903 797 natales
920 737 1040 797 deorum
1056 745 1085 796 et
1101 735 1263 816 principum
1280 758 1356 818 qua·

141 820 395 886 deur'sestiritntis
412 828 481 882 nota
495 820 655 901 insignitos
671 821 812 905 viderent,
829 820 995 884 Serratoris
1012 820 1103 884 nostri
1114 822 1252 901 natalem,
1269 845 1355 905 quen

141 909 228 991 primi
245 907 407 971 Christiani
432 918 526 971 metus
547 925 640 970 cansa
662 928 721 970 uon
739 907 935 985 celebrabant,
952 907 1042 971 simili
1058 920 1128 977 uota
1144 920 1173 971 et
1193 910 1291 990 ipsum
1305 911 1356 971 iu-

145 995 260 1076 eignire
288 994 494 1074 rolnemut*).
524 994 584 1057 Sed
602 1015 689 1076 quum
706 995 927 1075 porticanorum
951 995 1026 1057 diem
1042 994 1228 1076 ignorarent,
1253 998 1357 1077 partin

141 1082 269 1165 prolana
283 1083 369 1161 festa,
385 1080 492 1164 quibus
517 1080 644 1162 populus
667 1084 810 1144 adsuetus
834 1092 931 1159 esset,
956 1081 986 1143 in
1015 1082 1175 1147 cluniaca
1195 1082 1357 1147 reformare

141 1168 262 1246 vellent,
278 1168 391 1230 nullum
407 1169 438 1230 iu
454 1189 575 1231 romano
592 1166 768 1230 kalendario
785 1169 860 1231 diem
877 1170 983 1232 festum
1000 1168 1089 1231 natali
1100 1169 1209 1232 Christi
1226 1191 1356 1234 commo-

141 1257 210 1319 dius
225 1255 372 1337 assignari
388 1275 476 1337 posse
507 1276 592 1337 quoru
624 1255 750 1318 nantem
783 1255 885 1318 invicti
920 1255 1115 1319 crediderunt.
1159 1256 1247 1333 Quod
1277 1257 1357 1321 circa

86 1398 90 1404 .
142 1343 269 1407 medium
286 1365 316 1424 p.
333 1343 404 1408 chr.
421 1362 482 1408 seo.
499 1343 549 1406 lll.
565 1352 684 1406 auctore
701 1341 779 1405 lulio
795 1343 818 1407 l.
836 1365 866 1425 p.
883 1364 908 1407 r.
926 1342 1052 1407 sorahan
1066 1343 1176 1406 factum
1192 1341 1306 1425 est**),
1324 1355 1357 1409 nt

141 1567 182 1620 lta
203 1565 298 1618 iustum
318 1565 458 1617 cathedrae
484 1565 661 1617 Antiocbeuus
681 1558 764 1615 istind
772 1563 952 1631 Apostolorum
969 1564 1054 1632 primi,
1077 1564 1144 1631 quod
1164 1564 1242 1618 etiam
1262 1567 1376 1618 lentum·

141 1636 276 1703 epularum
295 1633 366 1685 Petri
386 1634 454 1700 apud
471 1632 670 1684 Duruudum
690 1632 810 1697 (namon.
829 1634 881 1683 dria.
901 1630 969 1705 attic.
991 1639 1016 1697 7,
1032 1635 1074 1699 β.)
1092 1640 1217 1699 vocatur,
1239 1636 1271 1686 ad
1292 1651 1355 1687 con·

141 1703 305 1755 suetudinem
323 1701 488 1770 profanarum
507 1702 651 1770 epularum,
672 1701 703 1752 de
722 1700 815 1766 quibus
833 1700 980 1753 Ovidius
999 1706 1072 1752 Fert.
1094 1706 1111 1753 2
1130 1718 1155 1752 o.
1175 1702 1237 1755 443.
1256 1718 1272 1753 n
1292 1719 1356 1768 geu-

141 1772 231 1823 tilibus
257 1786 288 1821 eo
313 1777 428 1837 tompore
454 1770 510 1821 dari
534 1769 690 1833 solitarum,
724 1769 912 1821 dissolvendam
938 1770 1189 1837 urs-pracoidendam
1210 1771 1355 1826 institutum

142 1840 208 1906 luit,
234 1839 342 1890 docente
371 1838 442 1889 Pet.
470 1837 600 1889 Zornio
627 1838 689 1888 diss.
711 1838 743 1886 de
760 1839 891 1888 natalitiis
909 1838 1049 1888 cathedrae
1066 1840 1139 1889 Petri
1154 1837 1186 1889 Τ.
1205 1839 1238 1890 ll.
1262 1844 1356 1906 Opere.

140 1924 210 1962 caer.
230 1906 291 1959 Pari
317 1907 418 1958 ratione
438 1906 531 1957 festum
549 1904 857 1974 purificationishlariae,
881 1902 1038 1969 Ysrnndrrrp
1050 1906 1157 1958 Graecis
1175 1908 1281 1971 dictum,
1301 1925 1354 1960 seo.

142 1992 167 2044 p.
188 1970 251 2027 Chr.
271 1974 316 2027 Vl.
338 1973 457 2026 Gelenius
481 1992 507 2041 p.
532 1991 555 2025 r.
581 1974 614 2025 ad
640 1974 788 2037 abroganda
812 1974 976 2041 Lupercalia,
995 1990 1082 2027 meuse
1106 1975 1238 2028 februario
1261 1976 1357 2029 Romus

144 2044 186 2108 agi
207 2044 295 2106 solitu,
313 2043 422 2107 invenit,
442 2048 471 2093 ut
489 2043 597 2111 populus
618 2056 632 2092 a
653 2043 751 2094 februis
770 2043 825 2093 sive
850 2043 1047 2094 lustrationibus
1064 2044 1189 2110 prolenis,
1209 2060 1284 2110 quus,
1303 2062 1359 2096 mu-

141 2112 236 2163 lierum
254 2126 420 2163 romanarum
439 2111 525 2175 turba,
546 2124 669 2162 accensas
688 2110 760 2163 lones
780 2111 898 2162 manibus
919 2118 1046 2175 gestante,
1067 2112 1092 2162 in
1108 2112 1255 2163 memorium
1268 2121 1358 2180 raptae

143 2180 289 2231 aPlntoue
308 2179 479 2247 Proserpinae
499 2179 602 2246 publico
629 2178 742 2242 fiebunt,
763 2187 926 2231 avoouretnr.
965 2179 1063 2245 Quibus
1080 2180 1169 2231 iisdem
1187 2179 1358 2233 Rornanorum

142 2247 315 2300 Fcbruulibns
334 2249 459 2311 originem
479 2247 583 2311 debent,
602 2262 667 2313 quae
685 2263 716 2298 eo
737 2247 779 2297 die
799 2248 867 2313 apud
886 2247 1034 2300 Pontidoioa
1054 2248 1232 2313 instituuntur,
1255 2265 1358 2317 proces·

141 2312 376 2368 stones'borntnum
404 2330 493 2366 cereos
516 2316 671 2379 gestantium
696 2323 723 2367 st
746 2317 908 2369 consecratio
934 2316 1117 2381 candelarum,
1149 2322 1215 2383 quoe
1235 2319 1357 2386 deinceps

142 2385 168 2436 ei
188 2384 241 2434 dici
259 2399 349 2435 nomeu
370 2383 431 2434 lenti
453 2382 621 2434 candelarum
641 2384 818 2448 (Lr'chtmesco)
838 2384 967 2450 imposuit.
987 2383 1019 2433 V.
1042 2382 1216 2450 Musssrd,
1243 2388 1281 2436 ies
1298 2404 1358 2436 oon·

142 2449 262 2517 formale
285 2452 330 2501 rlsa
354 2452 506 2502 manetes
532 2451 664 2500 proderem
687 2466 748 2499 anso
775 2452 812 2498 iss
832 2453 983 2515 aecr'esass,
1007 2452 1082 2518 chsp.
1109 2455 1135 2505 6.
1162 2458 1189 2503 et
1215 2454 1357 2508 observati.

141 2519 258 2572 vernoni
288 2534 366 2582 gorm.
394 2535 419 2586 p.
443 2521 487 2573 75.
524 2517 650 2583 adjectas.
682 2518 697 2567 J
707 2518 755 2567 ob.
774 2516 901 2570 Moabii
930 2520 992 2575 diss.
1024 2519 1056 2570 do
1080 2523 1255 2587 prepanse,
1283 2521 1304 2572 i.
1323 2523 1355 2574 Α.

142 2587 285 2640 soburid
307 2590 401 2637 Psolsss
428 2586 549 2636 Marion.
571 2584 629 2638 Vll.
649 2602 674 2654 p.
700 2588 757 2639 116.

213 2654 242 2719 *)
261 2655 290 2706 st
309 2655 369 2721 quid
387 2655 513 2713 videmus,
532 2653 582 2704 tuit
598 2655 647 2705 boo
666 2654 823 2705 eontrarium
850 2654 1040 2721 sapientissimo
1066 2652 1115 2709 nei
1141 2656 1266 2723 coushio,
1293 2659 1357 2710 retin

144 2724 228 2775 sends
246 2724 314 2774 dieru
336 2723 481 2774 nativitatis
501 2721 597 2773 Christi
615 2730 762 2790 propterea,
783 2738 814 2774 ue
833 2722 859 2772 in
877 2722 950 2786 regui
967 2722 1024 2788 ejus
1042 2722 1158 2775 bundoni
1176 2733 1357 2778 successuutns
1417 2778 1426 2793 Ι

142 2793 224 2860 ipsius
242 2791 338 2842 natulis
359 2791 492 2855 gentilium
510 2790 653 2858 principum
672 2790 802 2842 natalibus
823 2805 871 2858 par
894 2798 1034 2859 poneretur
1060 2798 1106 2842 uut
1123 2793 1238 2859 prolenis
1262 2795 1356 2847 ritibus

142 2861 342 2911 deformaretur.
378 2858 526 2924 Praeclare,
546 2865 576 2908 nt
592 2859 686 2923 omniu,
706 2859 827 2925 ostendit,
848 2874 895 2910 eur
914 2860 988 2927 primi
1007 2858 1148 2912 Christiani
1167 2862 1278 2913 natalem
1297 2863 1357 2916 Ser·

142 2928 241 2980 vetoris
259 2929 341 2978 nostri
359 2942 409 2993 nou
427 2927 596 2992 celebrarint,
611 2928 842 2991 baumgarten
853 2928 905 2979 ius
929 2926 1017 2993 Progr.
1039 2929 1072 2977 de
1087 2930 1238 2979 wltreiam
1258 2932 1358 2983 christo

141 3005 205 3047 aoso
222 3011 356 3047 summm
376 2995 522 3060 originibus
538 3001 576 3061 (p.
594 2994 876 3059 trecanensium.
899 2997 1026 3048 Bnkinn
1037 2997 1101 3061 ae):
1119 3001 1202 3062 Quum
1214 2999 1356 3066 principer,

139 3080 222 3130 perses
238 3081 303 3132 qnos
321 3080 419 3113 ummo
437 3079 524 3114 omns
542 3072 600 3111 erat
615 3064 663 3113 illo
680 3072 802 3128 tempore,
819 3064 1071 3130 hnoprnerogntr‘na
1085 3066 1244 3131 gauderent,
1263 3078 1294 3117 at
1309 3085 1357 3120 san·

141 3134 211 3182 talea
227 3133 351 3197 ipserum,
369 3131 464 3201 quibes
481 3133 509 3180 s'rs
530 3133 611 3180 luceas
628 3132 694 3182 editi
711 3140 736 3180 et
754 3133 792 3180 arl
806 3134 941 3197 imperium
967 3134 1049 3183 evecti
1069 3133 1193 3199 fumat,
1215 3137 1321 3201 publice
1339 3155 1356 3187 n

144 3201 243 3251 simbus
259 3201 453 3251 celebrarentur
471 3200 635 3267 ansiprand
661 3200 717 3250 s'llts
742 3209 954 3250 summersam:
977 3203 1060 3266 prrs'sns‘
1084 3203 1239 3269 asiniani,
1263 3206 1357 3273 qualus

117 3278 121 3283 “
142 3269 244 3318 autulio
268 3264 366 3319 Clrlms'
388 3268 474 3317 notior
497 3282 551 3319 esse
574 3268 663 3333 poterit
691 3277 716 3317 et
741 3268 835 3316 certios·
850 3271 946 3334 prorsa
961 3269 1039 3318 dudio
1055 3267 1118 3333 fast,
1150 3287 1227 3338 quom
1245 3290 1262 3322 a
1283 3274 1357 3324 nodis

136 3338 199 3406 joam
217 3337 286 3385 orani
308 3336 428 3386 adlabitn
448 3352 512 3385 sura
530 3337 654 3401 nepotari
676 3344 777 3401 potest,
799 3352 850 3384 noa
872 3337 928 3386 εἰπε
953 3337 1069 3402 sapiesrts'
1092 3339 1198 3387 coasilio
1221 3348 1246 3387 et
1267 3341 1357 3390 divino

140 3404 309 3472 providentio
326 3405 378 3453 asli
393 3412 570 3469 temperarunt
589 3405 623 3453 nb
643 3405 771 3473 ejusmodi
785 3405 957 3468 sollenniter,
981 3422 1014 3454 ae
1031 3405 1178 3456 sedationem
1197 3422 1357 3478 regenteque

138 3471 277 3540 prosiliere
293 3472 416 3522 meditari
437 3481 598 3537 putarentur
615 3473 779 3540 hostibusque
790 3473 1004 3537 suspicaciarr‘ms‘s
1021 3475 1197 3525 nmouhss'mne
1212 3478 1357 3527 calumme

143 3540 302 3605 rebelliones,
322 3557 401 3607 penas
418 3541 579 3604 molirentur,
598 3542 641 3589 vel
658 3541 811 3591 lenissimum
830 3542 888 3590 neri
904 3542 1012 3606 speciest
1030 3544 1205 3599 maestiorem.
1230 3544 1357 3598 Iudoebttt

145 3609 223 3659 otiam
249 3624 280 3660 eo
308 3613 424 3675 ternpore
449 3609 602 3660 vocabulum
627 3610 727 3658 notaui
753 3609 883 3660 ethnicum
908 3617 936 3660 et
966 3610 1045 3662 multo
1069 3612 1147 3664 alium
1172 3613 1354 3678 significatum,

145 3691 221 3742 quarn
239 3683 317 3728 autea
335 3677 361 3727 in
380 3677 494 3728 ecclesia
509 3678 646 3729 habuerat.
672 3676 806 3728 Voouhulo
825 3677 892 3729 euim
911 3678 937 3728 iu
957 3680 1069 3730 ousiosis
1089 3680 1128 3733 vie
1147 3689 1224 3747 atque
1240 3688 1356 3748 potestas

145 3744 263 3810 subjsota
280 3751 339 3796 erat
358 3760 400 3810 en,
422 3760 472 3812 qua
492 3746 601 3798 notabat
617 3746 684 3797 bern
701 3761 760 3809 nou,
779 3761 829 3812 quo
849 3753 943 3811 uatus,
962 3748 1009 3799 sed
1027 3762 1076 3814 quo
1096 3749 1206 3799 denatus
1225 3757 1252 3799 st
1267 3750 1356 3802 melio·

143 3828 197 3866 rem
216 3813 249 3864 sd
278 3814 374 3877 vitum,
397 3829 463 3879 quae
479 3829 542 3865 vera
560 3814 616 3865 vita
635 3821 694 3878 est,
721 3820 828 3865 conatus
853 3815 1016 3866 Christianus
1048 3817 1142 3871 luerat.
1179 3816 1233 3867 Cir.
1260 3818 1356 3885 cusp.

144 3881 370 3944 Sagittarius
387 3882 420 3929 de
436 3884 567 3932 natalitiis
584 3891 734 3950 manyrum.
769 3883 912 3933 Notalrtin-
931 3885 1106 3950 manoperam
1135 3885 1289 3937 dicebantur
1317 3888 1356 3940 illi

143 3949 209 4011 dios,
229 3949 322 4015 quibus
341 3950 490 4001 cathedram
508 3957 673 4017 acceperant,
693 3951 716 4001 si
732 3964 834 4001 suorum
850 3967 944 4003 uruuus
970 3953 1098 4017 auspicati
1114 3952 1228 4004 fueraut.
1248 3957 1357 4007 Natalis

143 4018 235 4068 aalide
254 4017 434 4083 appellabatur
459 4018 513 4069 dies
531 4016 668 4082 Viridium,
686 4020 747 4084 quia
764 4034 795 4069 eo
814 4020 856 4071 die
876 4027 952 4071 ustus
965 4035 1012 4071 seu
1024 4021 1158 4072 institutus
1171 4022 1241 4075 enlin
1260 4025 1354 4078 luerat.

79 4090 88 4097 '
145 4084 199 4136 etr.
219 4085 287 4136 J.·fl
297 4085 389 4139 ildeb
400 4087 502 4137 randi
520 4085 565 4137 Tr.
587 4087 619 4136 de
635 4089 742 4142 notulis.
763 4094 877 4137 ersmers
895 4105 963 4142 surr.
982 4097 1007 4137 et
1020 4087 1154 4154 pressais.

211 4152 260 4220 **)
279 4153 335 4205 linc
349 4155 466 4223 ,aninum
488 4154 607 4206 advertat
626 4162 654 4205 et
672 4155 760 4207 vident
780 4155 869 4207 Phil.
890 4171 905 4206 a
926 4154 1053 4221 Turre,
1076 4159 1118 4224 qui
1139 4158 1165 4209 in
1190 4163 1357 4213 monumentis

143 4229 194 4279 ort.
220 4222 302 4274 Antis·
327 4221 355 4273 P.
382 4222 415 4274 ΙΙ.
442 4239 465 4274 u.
491 4225 518 4278 6.
544 4222 659 4288 quaerit,
693 4239 725 4274 an
750 4224 874 4275 rubritas
900 4224 996 4277 Christi
1017 4226 1043 4275 in
1062 4227 1175 4280 ustulans
1193 4226 1304 4282 Mithrae
1322 4231 1357 4282 sit

106 4298 113 4311 ‘
144 4288 296 4343 mactata?
314 4290 381 4357 quod
398 4300 484 4357 negat,
508 4290 604 4342 lautum
623 4304 694 4343 esso:
713 4307 840 4361 quumque
858 4293 965 4357 credat,
993 4294 1025 4345 ab
1050 4295 1123 4348 initio
1148 4293 1262 4349 civitatis
1289 4299 1357 4351 clari·

145 4358 439 4425 chenwalchium
461 4360 576 4411 sollenne
593 4358 675 4412 luisse
693 4362 745 4411 uati
774 4376 806 4412 ax
824 4360 908 4413 Maria
934 4361 1096 4430 Sowutoris,
1123 4364 1225 4416 diabolo
1250 4374 1356 4418 anctore

143 4425 329 4493 tactum-esse,
346 4429 410 4480 satis
430 4427 692 4505 innuaturejudiout,
710 4436 740 4481 nt
759 4428 870 4485 hlitbrne
888 4430 1037 4498 turpissimo
1055 4448 1132 4486 suoru
1151 4434 1176 4484 in
1197 4433 1264 4488 diem
1283 4434 1357 4488 Ciri-

144 4495 237 4551 stianit
256 4503 375 4552 sanctum
394 4497 607 4553 transferrentur.
1116 4541 1119 4546 .

1015 4596 1026 4625 Ι
