3144 5056
146 306 151 307 ff
209 342 211 346 ,
303 280 340 340 de
363 276 441 359 orig.
457 274 565 343 sellan.
582 276 674 343 nnat.
689 276 761 342 cte.
777 296 815 342 ea
830 276 928 355 lestis.
944 276 1052 343 natalia
1067 277 1178 344 inrioti.
1279 254 1342 347 tal

125 449 457 514 morimontensi.
491 450 608 527 lindum
624 450 700 513 euim
716 471 735 513 a
750 451 822 514 riris
838 451 931 514 doctis
948 450 1068 533 planum
1085 453 1194 515 lurtuur
1210 460 1272 530 est,
1289 470 1343 515 eas
1448 498 1452 501 -

124 540 179 603 rix
195 537 291 619 quinti
306 535 401 600 seculi
418 536 529 598 ioelum
545 545 622 603 osse.
646 538 722 615 Quis
742 547 838 601 autem
854 539 999 621 scriptori,
1026 539 1113 616 salso,
1136 539 1344 622 Apostolorum

127 625 217 688 veluti
231 624 407 707 jubentium,
425 624 541 686 nornine
558 624 644 686 uobis
659 624 834 705 imponenti,
862 628 898 687 de
916 647 947 688 re
963 628 1001 689 ab
1017 626 1113 707 ipsius
1129 627 1344 691 memorialem

127 711 220 793 longe
235 721 347 773 remota
364 710 561 773 testimonium
579 712 790 778 denuntiabit?

212 799 340 876 Quodsi
357 797 483 859 natalem
502 798 609 861 Christi
626 798 840 881 antiquissimis
856 800 1036 881 temporibus
1052 799 1236 881 ignorarunt,
1253 800 1343 863 multo

128 880 525 966 mogisuesoieriotneees‘se
542 896 597 963 est,
612 906 678 948 eum
698 886 745 947 die
760 887 814 949 26.
826 889 891 950 dee.
906 889 1053 967 agendum
1070 907 1138 950 esse
1150 885 1345 950 eteelebran·

52 970 57 981 ’
129 976 210 1034 dum.
233 978 295 1034 lmo
312 992 391 1049 rere,
410 990 468 1053 quo
486 982 765 1054 temporeeoeptum
782 985 827 1036 est
841 973 949 1055 inquiri
965 966 1204 1062 περιεργότερον
1218 974 1251 1035 in
1266 973 1344 1036 diam

127 1057 257 1122 namium
276 1058 394 1136 Christi,
412 1078 522 1136 omnes,
546 1080 670 1140 quorum
687 1061 847 1124 seutemias
871 1060 1054 1123 Clemens
1072 1060 1181 1124 Alex.
1192 1061 1220 1137 *)
1240 1061 1344 1140 refert,

126 1144 366 1208 iueliuatioribus
382 1147 419 1209 ud
435 1166 555 1209 sernum
573 1155 688 1229 tempus
706 1147 811 1211 animis
839 1147 870 1209 in
886 1168 1016 1211 mensem
1033 1148 1155 1230 aprilem
1171 1145 1219 1211 rel
1235 1149 1346 1231 majam

130 1241 357 1296 eonseosemot.
381 1241 389 1245 ’
586 1246 590 1253 ·
948 1280 953 1289 ,

221 1319 281 1396 Qui
303 1319 348 1395 si,
373 1339 460 1400 quum
478 1319 599 1400 propius
620 1322 762 1385 abessent
778 1325 816 1385 ab
834 1343 934 1386 eorum
948 1314 950 1323 ’
962 1330 1074 1401 aelate,
1102 1320 1212 1403 quibua
1236 1318 1346 1384 natalis

131 1405 245 1470 Christi
261 1406 357 1467 notior
372 1420 441 1470 esse
457 1416 581 1488 poterat,
606 1410 686 1487 (uem
702 1408 754 1470 illa
769 1410 926 1492 περιεργία
942 1407 1039 1473 seenli
1054 1417 1099 1473 eat
1114 1430 1144 1490 p.
1160 1406 1232 1472 Cltr.
1247 1429 1277 1472 u.
1293 1408 1346 1488 ll.)

202 1591 230 1655 *)
249 1594 381 1645 &remoti
401 1593 419 1642 l.
441 1592 459 1642 l.
482 1590 577 1660 pilo.
597 1595 638 1645 ed.
660 1595 751 1646 Colore.
770 1590 842 1644 ’siet
861 1591 902 1657 dl,
921 1594 948 1645 ei
964 1586 1178 1663 περιεργότερον
1193 1592 1226 1664 τῇ
1241 1593 1348 1660 γενέσει

130 1662 181 1715 τοῦ
198 1660 331 1730 Σωτῆρος
348 1654 429 1727 ἡμῶν
445 1655 479 1710 οὐ
497 1654 590 1729 μόνον
605 1658 636 1713 τὸ
658 1663 727 1725 ἔτος,
742 1657 812 1712 dili
831 1661 879 1715 ael
896 1657 946 1727 τὴν
965 1657 1021 1732 ipsi
1035 1678 1072 1714 ον
1090 1663 1294 1731 προστιθέντες.
1310 1656 1348 1722 ἢν

84 1786 97 1801 l
130 1742 220 1847 perir
238 1728 315 1786 ἔτους
335 1721 561 1793 κὴιΛυγοῦστου,
583 1729 614 1781 ὲν
631 1731 744 1802 πέμπτῃ
765 1724 873 1797 Πάγον
887 1679 1052 1783 uerisimile·
1074 1732 1101 1783 ol
1126 1729 1159 1783 dt
1182 1727 1240 1781 ἀπὸ
1261 1733 1348 1782 Botti-

150 1795 224 1849 sldov
242 1797 289 1848 καὶ
307 1797 356 1848 τοῦ
371 1799 562 1866 βαπτίσματος
583 1795 668 1851 doceri
688 1794 738 1862 thr
756 1791 862 1867 ἡμέραν
880 1793 1046 1869 ἑορτάζουσι,
1063 1797 1348 1867 προδιανυκτερέυον.

114 1880 175 1924 τις
191 1858 374 1934 ἀναγνώσεσι.
407 1866 483 1915 Φασὶ
500 1863 533 1917 σὲ
557 1859 675 1918 εἶναιτὸ
694 1865 942 1919 πεντεκαιδέκατον
962 1867 1022 1926 ἔτος
1050 1869 1177 1935 Τιβερίου
1196 1871 1347 1933 Καίσαρος,

130 1930 183 1988 τὴν
194 1925 500 1997 πεντεκαιδεκάτηντοῖ
512 1931 685 1999 Τυβὶμηνὸς.
710 1933 827 1993 Τινὲςδὲ
834 1931 920 1999 ἀυτὴν
928 1929 1079 1999 ἑνδεκάτην
1096 1937 1145 1987 τοῦ
1154 1932 1241 1987 doreti
1250 1932 1349 2005 μηνὸς,

130 1996 388 2061 τότεποὶθοςάυτοῢ
409 1999 676 2071 ἀκριβολογοιὶμινοι
694 2005 837 2071 φέρουσιν,
856 2006 883 2055 ol
893 2006 947 2073 μέν
960 2019 1039 2071 τινες,
1053 2003 1090 2071 τῷ
1098 1997 1284 2069 tradideritis
1293 2003 1349 2057 ἔτει

1 2146 2 2173 ρ
42 2128 47 2136 ,
135 2073 264 2136 Τιβερίου
272 2074 422 2137 Καίσαρος,
434 2069 579 2138 Φομενιίθ
599 2074 640 2136 κέ,
658 2073 685 2123 οἱ
699 2070 891 2153 δὲήαρμουθὶ
907 2074 947 2125 κέ·
969 2065 1349 2141 ἅλλοιδὲφαρμουθὶιθίιε·

131 2140 271 2203 novatori
296 2136 346 2190 τὸν
362 2139 479 2207 Σωτῆρα
497 2140 635 2206 λέγουσιν·
664 2140 711 2191 ναὶ
732 2156 790 2208 μην
816 2138 996 2198 τινες-αὐτῶν
1013 2154 1084 2209 φασι
1101 2140 1254 2209 Φαρμουθὶ
1270 2154 1349 2208 γεγε-

131 2208 236 2271 νῆσθαι
256 2201 308 2268 srd‘,
326 2202 344 2269 il
362 2208 402 2257 κέ.
424 2207 478 2258 Ηοο
496 2210 656 2261 memorabili
676 2211 733 2260 loeo
754 2226 830 2277 quum
853 2218 973 2262 recenset
999 2211 1163 2262 Clemens
1181 2210 1270 2261 varias
1288 2225 1348 2261 aen·

130 2277 230 2328 tentius
248 2291 346 2340 eorum,
366 2276 409 2341 qui
428 2291 473 2327 suo
494 2283 609 2344 tempore
628 2281 759 2331 meriosior
777 2279 803 2329 iu
824 2279 890 2329 diem
910 2278 1138 2330 Christl'natulern
1156 2277 1348 2344 inquisiverint,

56 2408 59 2413 .
131 2360 191 2396 eam
220 2345 301 2411 priano
324 2346 411 2395 statim
440 2345 496 2396 loeo
524 2353 806 2411 commemorandum
828 2347 868 2393 die
888 2349 933 2397 25.
952 2346 1089 2406 Paebouis,
1110 2347 1152 2409 qni
1171 2345 1283 2397 indiam
1303 2350 1348 2399 25.

131 2413 199 2464 maii
217 2412 318 2474 insidit,
339 2419 425 2462 natum
444 2413 574 2462 Christum
594 2415 696 2462 statuit.
733 2408 815 2476 Quain
834 2411 989 2462 sententiam
1009 2411 1045 2461 uit
1072 2413 1271 2461 communiorem
1291 2427 1349 2462 ease

132 2483 206 2532 inter
225 2478 382 2541 Catholieos,
403 2480 452 2530 etsi
471 2494 552 2544 aeque
570 2495 643 2530 suum
662 2481 718 2545 ipse
733 2479 859 2544 judicium
879 2479 1020 2545 interponit
1038 2494 1121 2544 neque
1142 2478 1350 2530 adsentantium

131 2547 407 2614 cujusquamnooedit.
429 2546 528 2613 linqui,
544 2548 586 2613 qui
595 2564 627 2599 en
636 2547 889 2613 antiquatraditione
904 2562 1009 2597 vernum
1028 2546 1243 2612 tempusmalunt,
1264 2547 1283 2597 ii
1305 2560 1351 2598 au·

131 2617 257 2668 etoritate
277 2610 365 2682 ipsius¹
377 2614 575 2668 Clementis
606 2616 644 2666 nti
674 2631 722 2666 nou
743 2621 859 2682 possunt,
879 2614 946 2682 quod
964 2622 1050 2665 tamen
1069 2614 1165 2665 laetum
1186 2621 1227 2664 est
1244 2614 1277 2665 nb
1295 2614 1351 2666 hl·

131 2687 250 2752 phone.
272 2683 305 2734 de
321 2683 487 2747 Vignoles
507 2684 570 2734 diss.
591 2684 716 2735 terrebunt
733 2686 757 2734 le
771 2684 839 2752 joar
858 2682 1262 2750 dertoel,‹lune(13ihltethepae
1282 2686 1351 2735 Ger-

130 2756 264 2821 moaiqae.
285 2751 316 2802 Τ.
337 2750 370 2802 ll.
389 2768 412 2818 p.
432 2753 488 2814 30.)
508 2752 552 2802 ubi
572 2753 623 2803 ait:
643 2753 797 2804 sententiam
817 2753 848 2802 de
868 2751 910 2805 dle
928 2755 971 2803 20.
991 2750 1053 2815 maji
1070 2750 1249 2817 antiquissima
1268 2751 1352 2803 tradi·

127 2823 203 2873 ,tiene
224 2821 273 2871 niti
291 2821 407 2886 adeoque
426 2819 543 2870 omnibus
562 2821 621 2871 aliis
639 2835 696 2871 esse
714 2819 920 2886 praeferendam.
940 2817 1035 2870 Verum
1055 2820 1077 2870 si
1093 2819 1263 2870 Alexandrini
1285 2820 1351 2871 uerti
1436 2874 1439 2883 ,

130 2897 161 2941 at
177 2895 329 2941 constantes
353 2889 379 2938 iu
400 2888 490 2938 eudem
509 2889 639 2939 sententio
657 2888 783 2951 luissent,
804 2888 919 2955 profesto
939 2888 1009 2955 passi
1028 2902 1077 2938 ooo
1096 2895 1193 2951 esseut,
1216 2903 1266 2953 quo
1286 2895 1351 2940 tam·

132 2972 195 3025 pora
216 2957 300 3008 saon-is
319 2956 430 3022 publiois
450 2956 583 3007 eolehrari·
597 2957 684 3022 eoepit
701 2957 795 3007 natulis
813 2957 920 3021 Christi,
940 2957 1019 3008 alium
1041 2956 1098 3021 ejus
1118 2957 1185 3007 diem
1203 2956 1253 3006 sibi
1273 2971 1352 3023 prusa

133 3027 224 3076 aeribi.
261 3023 327 3076 Nam
347 3025 473 3090 principio
492 3031 601 3087 egerunt
615 3024 685 3075 illuni
705 3025 746 3075 die
765 3026 791 3079 6.
812 3025 886 3090 jan,
907 3041 956 3093 qno
973 3031 1064 3091 postea
1082 3024 1227 3090 repudiato,
1247 3032 1275 3076 et
1292 3025 1352 3091 qui-

134 3094 191 3145 dem
217 3092 307 3145 aerulo
322 3110 347 3159 p.
371 3092 436 3143 Chr.
457 3106 483 3142 n.
503 3091 547 3156 V.‚
567 3093 634 3142 diem
654 3093 834 3160 adsumserunt
852 3095 897 3147 25.
919 3094 976 3143 dee.
997 3091 1136 3144 -Verba
1156 3092 1352 3157 Clementia

134 3163 199 3215 nibil
218 3161 326 3224 babent,
358 3177 392 3211 ex
409 3177 459 3226 quo
480 3161 536 3225 quis
555 3162 730 3224 argumentari
748 3161 831 3227 possit
850 3176 895 3226 pro
917 3160 1044 3211 alterutra
1070 3161 1199 3211 sententia
1227 3167 1274 3211 aut
1299 3160 1353 3211 disi

133 3232 160 3283 6.
186 3230 244 3295 iou.
272 3236 318 3280 aut
340 3229 392 3280 diei
418 3229 461 3281 25.
482 3227 538 3281 deo.
573 3227 638 3280 Nam
659 3231 685 3279 in
707 3228 859 3280 enarrandis
879 3228 997 3295 plurimis
1014 3235 1132 3279 veterum
1150 3228 1307 3293 eenjeeturia
1325 3234 1353 3278 at
1446 3230 1456 3236 ’

133 3297 319 3349 traditionibus
341 3296 490 3362 ianuarium
523 3312 635 3349 mensem
660 3298 722 3348 solia
747 3297 912 3348 basilidinois
937 3294 1047 3359 tribuit,
1069 3295 1172 3347 minime
1190 3295 1217 3345 id
1234 3295 1352 3346 iaoturus

133 3374 180 3418 aut
202 3366 358 3423 sententiani
385 3365 476 3416 saltem
498 3366 523 3415 iu
551 3366 628 3416 dubio
655 3382 705 3416 nou
725 3366 879 3429 relicturus,
899 3366 1100 3432 rhadoaldum
1118 3364 1277 3427 existimant,
1298 3364 1353 3431 opi·

134 3436 239 3485 aionem
263 3434 295 3484 de
314 3434 357 3484 die
375 3434 475 3498 lisiae.
497 3434 576 3484 sertis
597 3435 699 3485 indiciis
718 3433 898 3501 Apostolorum
926 3434 1083 3485 auctoritate
1100 3433 1186 3485 nixam
1210 3439 1238 3484 ot
1261 3432 1354 3484 lauda·

132 3510 188 3554 tum
207 3500 396 3568 comperisset.
414 3500 452 3551 De
473 3502 514 3553 dio
534 3505 577 3556 25.
599 3504 657 3554 deo.
674 3503 729 3567 iarn
748 3504 824 3569 plane
839 3502 912 3566 silet,
936 3518 1022 3568 quum,
1042 3504 1064 3553 si
1083 3502 1127 3570 qui
1146 3501 1353 3553 Christianorum

134 3571 217 3637 ipsius
237 3577 351 3637 tompore
369 3572 394 3620 in
416 3585 448 3620 eu
467 3571 733 3630 sententintntsseno
755 3571 781 3621 id
801 3572 869 3622 nullo
890 3571 964 3622 modo
984 3571 1074 3634 ingere
1095 3571 1223 3637 potuisset
1242 3570 1353 3620 bominis

134 3639 321 3690 litteratissimi
339 3639 451 3689 studium
479 3640 545 3690 talia
564 3640 676 3706 undique
695 3640 872 3705 conquirendi.
908 3638 944 3693 Ut
960 3639 1034 3705 adeo,
1057 3639 1100 3705 qui
1119 3639 1231 3690 natalem
1250 3636 1352 3688 Domini

135 3707 246 3758 biberto
259 3714 374 3773 tempore
393 3705 527 3772 dodrdunt,
547 3709 704 3759 austeritate
725 3707 917 3759 Clementis
936 3724 985 3758 non
1003 3708 1077 3761 modo
1100 3722 1149 3758 oon
1169 3705 1352 3768 defendantur,

135 3775 182 3827 aed
200 3775 280 3826 etium
300 3780 488 3842 oppugnantur.
525 3775 645 3828 Ceterum
665 3778 827 3843 praeciperet
851 3783 968 3830 υοιονιιυι
984 3777 1017 3828 de
1035 3778 1077 3829 die
1098 3779 1165 3827 ,Ιοοο
1184 3773 1284 3826 Christi
1301 3789 1354 3824 ιιιι-

135 3845 191 3915 toli
201 3845 349 3896 amundus
361 3844 494 3895 recensuit
508 3844 533 3897 h.
547 3852 623 3910 pater
638 3860 720 3908 meus,
741 3860 834 3911 propr.
855 3847 919 3910 fest.
938 3847 1043 3898 nativit.
1063 3843 1126 3896 Chr.
1144 3840 1258 3906 (Witeb.
1274 3841 1353 3905 1726)

136 3912 205 3978 quod
224 3912 288 3963 item
306 3911 403 3963 laetum
421 3919 462 3962 est
481 3927 496 3962 a
514 3909 636 3965 Thomu
654 3912 799 3977 lttigio,
819 3913 914 3964 dissert
939 3911 985 3964 lll.
1018 3913 1049 3963 de
1066 3913 1123 3963 rita
1140 3912 1238 3974 festam
1255 3911 1355 3963 rottei·
1372 3971 1377 3981 ¹

168 3983 204 4032 tis
226 3981 328 4033 Christi
344 3982 388 4032 elio
406 3982 447 4034 25.
467 3983 522 4032 dee.
544 3982 693 4034 celebrandi
712 3983 819 4050 ejusque
843 3983 1010 4048 antiquitate,
1046 3978 1162 4045 Appoud.
1191 3977 1295 4030 dissert.
1322 3978 1354 4030 de

163 4048 345 4102 serotini-ebir
365 4052 422 4101 αευι·
441 4051 583 4116 apostolici
602 4065 626 4115 p.
651 4051 704 4103 386
726 4064 761 4100 ss.
781 4077 814 4089 -
835 4048 873 4101 Eo
900 4050 974 4112 Ιοοο,
1005 4047 1048 4114 qui
1077 4048 1143 4097 hano
1162 4047 1193 4097 de
1213 4047 1254 4097 die
1273 4048 1356 4099 natali

138 4115 236 4168 Christi
259 4117 459 4183 disputationem
484 4116 600 4182 proxime
624 4118 764 4183 antecedit,
791 4118 894 4169 dixerat
913 4117 1092 4179 Clemens,
1117 4131 1134 4166 a
1158 4122 1274 4184 tempore
1300 4115 1356 4166 uati

137 4183 236 4236 Christi
256 4200 339 4252 usque
358 4186 391 4237 ad
409 4191 517 4239 mortem
536 4184 667 4238 Commodi
684 4184 746 4252 lurp.
773 4201 854 4237 anuos
874 4200 931 4237 esse
952 4185 1011 4248 194,
1039 4198 1152 4236 mensem
1180 4191 1205 4250 t,
1235 4184 1290 4236 dias
1311 4188 1354 4237 ta.

137 4251 177 4303 Ex
196 4253 291 4320 quibm
310 4255 399 4306 verbis
413 4269 505 4306 eruere
524 4254 591 4305 diem
610 4253 664 4304 nati
684 4254 781 4306 Christi
799 4254 921 4306 voluerat
940 4253 1009 4305 Sal.
1032 4269 1057 4302 v.
1084 4251 1151 4318 Tit,
1170 4256 1236 4307 diss.
1255 4255 1287 4305 de
1303 4269 1356 4305 πιι-

138 4323 190 4374 toti·
210 4323 312 4377 Christi
334 4337 359 4389 p.
377 4327 421 4375 31.
450 4322 501 4374 Sed
522 4322 636 4374 ostendit
653 4322 678 4372 ei
706 4321 789 4374 Sam.
810 4324 978 4386 basnage,
998 4324 1097 4374 Aeaei.
1118 4321 1150 4374 T.
1172 4321 1193 4374 1.
1215 4323 1285 4387 119.,
1305 4336 1356 4372 non

137 4390 212 4442 modo
232 4392 320 4442 lenum
339 4391 366 4441 in
382 4392 473 4444 maudo
492 4392 707 4456 roboraveram
726 4389 981 4445 etiem'Clementem
1000 4390 1229 4446 atiAleaandrinu
1246 4391 1355 4459 aposta,

139 4458 183 4513 rel
198 4459 315 4526 ratione,
337 4473 432 4516 aarum
452 4459 657 4531 amaaae'J‘ulio
679 4459 840 4515 numerandi.
868 4508 871 4511 .
898 4506 904 4513 .

1111 4545 1158 4612 6*
1222 4570 1224 4574 ’
