3150 5066
491 306 627 369 detesto
649 303 832 369 ascensionis
853 304 980 372 Mariae.
1097 270 1106 285 .
1299 305 1341 373 51

120 478 219 541 munis
235 484 264 538 et
278 495 351 538 vera
367 482 413 536 est
428 477 585 558 sententia)
601 480 631 540 1ι.
646 478 797 559 Virginem
822 489 851 541 et
866 478 1017 541 mortalem
1036 484 1064 539 et
1078 497 1182 541 revera
1197 488 1342 542 monnau

120 572 262 643 statuunt,
279 565 332 624 sed
350 564 387 623 de
404 584 515 642 genere
531 564 631 626 mortis
657 566 814 645 disputant.
847 566 952 629 Aliih
967 564 1118 645 Virginem
1134 565 1270 647 martyrio
1289 587 1342 628 co-

122 662 254 729 renatam
272 659 386 731 putant,
404 670 466 714 sec.
481 650 556 713 Luc.
566 648 598 729 2,
615 653 666 712 35.
701 654 761 714 Sed
778 652 829 715 alii
847 653 956 714 rectius
975 655 1090 728 docent,
1106 661 1197 714 morte
1215 652 1343 716 naturali

123 739 234 801 obiisse
250 746 280 823 ct
295 757 314 798 a
330 737 448 798 morte
439 758 469 798 ιιι
488 738 585 799 coelos
600 749 759 801 assumtam
785 743 880 820 quoad
905 739 1042 802 animam.
1074 738 1164 800 Coelo
1180 739 1256 801 enim
1272 739 1344 803 illa-

122 835 180 887 tam
197 818 369 888 auimamb.
386 823 518 903 Virginis
535 845 620 887 nomo
637 826 703 906 pius
723 827 850 905 dutritat3
874 829 926 889 sed
943 830 977 888 de
996 838 1030 888 eo
1047 828 1102 887 suh
1117 826 1217 907 judice
1235 826 1272 888 lis
1290 839 1344 905 ιιι,

121 933 161 975 au
178 912 207 976 h.
224 912 317 991 Virgo
334 919 446 972 mortua
469 915 565 990 quoad
582 930 689 992 corpus
714 914 752 975 sit
775 914 950 975 resuscitata
973 923 1001 975 et
1017 933 1139 994 corpore
1156 923 1185 975 et
1200 913 1345 975 animuin

60 1024 65 1027 ’
123 999 223 1063 coelos
240 999 405 1061 subuectat
433 997 576 1059 Pontificii
595 1000 710 1080 quidem
727 999 882 1080 affirmant,
899 1002 950 1062 sed
967 1000 1047 1061 nullo
1064 999 1244 1085 antiquitatis
1260 999 1345 1062 testi·
1421 1014 1425 1023 ’
1523 994 1528 1009 ’

111 1084 222 1147 ‘monio
238 1084 359 1148 suffulti.
379 1083 476 1164 Vulgo
494 1086 567 1147 eluas
583 1095 696 1148 ceteros
710 1086 880 1168 scriptores,
892 1088 1090 1167 Augustiuum
1106 1090 1207 1166 (serm.
1220 1088 1250 1150 l.
1261 1087 1346 1165 ιι2.,

126 1173 156 1233 si
174 1182 269 1234 tamen
292 1182 360 1233 sunt
382 1170 557 1253 Augustini)
583 1183 612 1234 et
627 1172 834 1254 Hieronymum
852 1175 895 1254 (in
914 1195 960 1256 ep.
977 1176 1014 1235 ad
1030 1173 1169 1246 Paulum)
1186 1172 1242 1235 hac
1260 1176 1296 1235 de
1311 1180 1348 1236 ιι

115 1248 339 1323 ,commendant
372 1258 430 1319 Sed
448 1268 569 1359 uterque
586 1275 646 1320 reru
664 1255 761 1321 timide
786 1261 891 1323 asserit
915 1271 942 1320 et
959 1261 1054 1321 solum
1080 1267 1163 1340 putat
1181 1280 1346 1339 congruum

123 1346 237 1421 luisse,
263 1346 348 1406 uth.
376 1344 447 1423 Virg
430 1364 467 1403 sso
492 1345 522 1405 iu
557 1345 694 1446 sepulcro
720 1367 779 1407 uon
803 1357 1002 1447 putrescerqet
1025 1348 1076 1408 sed
1101 1346 1221 1408 vivaio
1246 1346 1345 1419 coelos

100 1439 313 1515 ‚sumereturr
334 1430 464 1493 Historia
480 1432 663 1495 ascensionis
679 1432 818 1494 Mariae
810 1455 840 1494 ru
857 1433 1007 1495 coelos-
1022 1440 1103 1513 puta,
1118 1424 1196 1513 quod
1211 1433 1345 1513 Apostoli

114 1538 227 1589 ,carues
251 1537 288 1579 ex
313 1520 383 1578 orhe
401 1520 438 1578 ad
463 1519 572 1580 obitum
590 1521 618 1582 Ιι.
634 1519 767 1599 Virginis
792 1520 851 1581 siut
874 1517 1006 1596 collecti,
1032 1522 1110 1600 quod
1127 1518 1263 1581 Salvator
1278 1540 1347 1586 cum

126 1604 242 1686 angelis
258 1605 428 1685 apparuerit
444 1604 626 1686 animamque
643 1607 742 1668 matris
760 1606 940 1688 susceperit,
964 1608 1040 1687 quod
1057 1605 1206 1667 lohannes
1223 1616 1346 1687 aposto·

125 1693 175 1754 lus
191 1691 342 1753 victricem
358 1688 484 1771 palmum
501 1692 598 1754 funeri
623 1693 811 1772 praetulerit,
838 1696 916 1775 quod
940 1693 1080 1754 teretrum
1095 1695 1175 1755 nube
1190 1692 1228 1755 sit
1244 1703 1346 1754 eonta-

128 1788 205 1841 ctom
221 1779 253 1838 in
268 1775 346 1841 valle
358 1779 497 1858 iosaphat
513 1780 687 1880 depositum,
705 1783 783 1859 quod
800 1780 894 1841 triduo
911 1789 979 1861 post
995 1777 1133 1841 Salvator
1149 1801 1256 1863 corpus
1273 1801 1347 1842 suae

127 1865 229 1928 matris
244 1867 279 1926 de
297 1864 407 1925 tumulo
425 1865 609 1928 suscitaverit
634 1878 662 1927 ιι
678 1888 751 1945 cum·
768 1867 866 1928 anima
891 1866 1000 1928 unitum
1017 1866 1047 1926 iu
1066 1865 1179 1928 coelum
1195 1867 1348 1928 sustulerit

127 1951 545 2032 sihiqucadextrisloeaverit
557 1963 663 2015 ete.-
677 1961 735 2013 tota
738 1952 882 2034 ,iuquam
892 1956 966 2015 haec
982 1952 1105 2014 historia
1122 1975 1158 2014 ex
1169 1951 1256 2016 lih‘ris
1272 1974 1347 2035 apo-

128 2039 244 2120 cryphis
261 2039 352 2118 petita
368 2048 412 2099 cst
431 2049 459 2101 ct
473 2039 620 2101 fabulosa.
655 2002 758 2101 soterio
774 2061 861 2120 porro
878 2038 1024 2100 Pontificii
1042 2041 1145 2102 eodem
1162 2033 1238 2121 festo
1254 2039 1347 2102 fasci·

128 2123 213 2188 culos
229 2126 385 2186 herbarum
403 2128 439 2187 ad
457 2126 593 2205 templum
618 2127 733 2187 deferre
743 2128 875 2217 ,quihus
901 2125 1081 2191 consecratis
1105 2114 1197 2188 virtus
1222 2124 1348 2206 fugandi

105 2228 108 2237 ¹
127 2211 295 2289 diabolum,
310 2212 468 2288 veneficia,
486 2212 645 2281 fulmina,
636 2234 733 2275 messe
760 2210 902 2290 creditur,
927 2213 953 2275 si
972 2234 1009 2274 ex
1024 2212 1124 2285 horhis
1149 2211 1215 2274 istis
1232 2212 1348 2275 suffitus
1438 2265 1450 2275 γ.

126 2299 208 2363 liant.
240 2297 316 2360 Hinc
332 2298 409 2360 idem
426 2299 533 2361 testum
549 2320 608 2362 nou
627 2306 736 2360 tautum
754 2301 861 2363 festum
879 2300 1081 2378 dormitionis,
1106 2299 1294 2362 assumtionis
1320 2307 1350 2362 ct

128 2383 312 2448 ascensionis
328 2385 454 2463 Mariae,
471 2389 523 2448 sed
541 2397 569 2449 ct
584 2386 691 2448 festum
707 2383 863 2449 herbarum
879 2387 938 2469 dici
961 2385 1046 2450 solet.
1078 2387 1187 2452 Verum
1204 2387 1279 2449 haec
1294 2408 1348 2449 su-

127 2470 265 2553 perstitio
282 2480 334 2533 est.

217 2557 377 2619 Festum
399 2559 476 2619 Bar
484 2558 712 2621 tholomaei.
753 2557 826 2621 Dies
843 2557 1066 2621 Bartholomaeus
1091 2579 1177 2643 sacer
1193 2558 1223 2619 iu
1240 2557 1350 2625 uicesi-

128 2664 208 2708 mum
225 2654 360 2723 quartum
376 2646 495 2724 augusti
511 2646 621 2707 incidit.
653 2646 746 2708 Fama
763 2656 823 2723 cst,
840 2644 1093 2707 Bartholomaeum
1111 2666 1148 2707 ex
1165 2644 1253 2727 Syria
1268 2645 1350 2726 regis

128 2731 293 2794 Ptolomaei
317 2730 408 2792 filium
432 2732 526 2794 fuisse
558 2733 683 2834 ideoque
709 2733 817 2794 dictum
840 2749 879 2794 uu
900 2730 1020 2813 (filium)
1043 2730 1224 2806 Ριοιιιιιιιιιίι
1254 2732 1305 2793 alii
1332 2754 1351 2795 a

129 2813 192 2902 uhu
180 2818 371 2904 suspendit,
386 2833 443 2894 nnn
430 2830 565 2902 aquae,
578 2830 608 2881 ιιι
625 2821 663 2881 sit
680 2818 759 2899 filius
776 2819 982 2900 suspendentis
997 2838 1100 2899 aquas,
1112 2817 1162 2880 alii
1176 2816 1268 2880 lilium
1284 2818 1351 2881 sul·

23 2964 32 2969 -
131 2883 232 2966 eorhm
250 2883 486 2987 intorpretaulur.
520 2906 598 2983 Quin
617 2908 780 2983 ctadduut,
796 2927 886 2967 unum
903 2904 1351 2987 BartholomaeuminterApo-
1368 2892 1373 2911 ³

60 3005 66 3013 '
130 2991 233 3053 stolos
241 2991 488 3054 nohilcmluisse.
520 2992 579 3054 Sed
602 2994 683 3055 fama
700 2993 774 3055 haec
797 2992 882 3054 fallit.
913 2993 989 3054 Nam
1007 3003 1134 3073 tempore
1152 2990 1261 3056 Christi
1278 2992 1351 3052 Pto-

131 3077 238 3140 lomaei
263 3099 321 3138 nou
348 3089 511 3158 regnarunt
534 3079 564 3139 iu
582 3079 686 3180 Syria,
712 3080 790 3142 sed
781 3102 812 3141 m
829 3082 962 3162 Aegypto
980 3099 1032 3156 rog
1036 3100 1067 3139 es
1084 3079 1213 3140 luerunt.
1246 3078 1352 3143 Verior

130 3175 177 3226 cst
192 3167 346 3242 sententia,
362 3156 615 3227 Bartholomaeum
633 3167 748 3246 origiue
764 3167 906 3228 Judaeum
925 3176 953 3226 et
969 3187 1005 3226 ex
1023 3163 1158 3226 Galilaea
1173 3164 1280 3241 fuisse,
1294 3186 1352 3226 na-

131 3262 192 3312 tum
194 3262 292 3352 'patre
310 3249 467 3329 Thelseai,
492 3252 597 3314 uude
588 3254 646 3333 rpsi
670 3275 774 3315 nomeu
793 3250 1020 3319 Bartholomaei.
1051 3251 1123 3312 Post
1147 3250 1353 3313 ascensionem

132 3326 244 3399 Christi
266 3337 542 3401 Bartholomaeus
535 3360 564 3399 ru
583 3341 694 3401 ludium
718 3339 805 3416 ahiit,
832 3359 889 3420 quo
913 3336 1047 3399 veniente
1071 3335 1180 3397 idolum
1196 3337 1353 3398 Astharoth

132 3434 273 3503 aegrotos
298 3425 406 3486 destitit
431 3445 537 3488 sanare
564 3446 688 3506 cumque
710 3425 822 3506 aegroti
839 3429 875 3487 ad
893 3423 973 3486 aliud
989 3420 1099 3484 idolum
1118 3423 1226 3485 dictum
1241 3424 1354 3505 Balach

132 3510 325 3590 afferrentur,
342 3513 493 3592 respondit
508 3515 642 3590 deaster,
660 3512 717 3574 sihi
735 3510 806 3573 nihil
823 3511 949 3592 amplius
967 3509 1074 3587 licere,
1100 3512 1176 3592 quod
1201 3509 1353 3591 apostolus

132 3597 311 3673 aduenisset.
351 3597 409 3659 His
436 3599 543 3660 auditis
571 3620 624 3661 rex
647 3596 798 3681 Polymius
822 3598 912 3666 filiam
936 3594 1097 3659 lunaticam
1114 3597 1247 3677 apostolo
1263 3596 1353 3672 misit,

134 3702 225 3764 quam
239 3683 483 3747 Bartholomaeus
506 3686 643 3748 restituit.
672 3685 822 3748 Restituta
844 3684 907 3745 filia
930 3705 985 3747 rex
1008 3683 1173 3766 apostolum
1190 3686 1225 3745 ad
1243 3682 1355 3744 idolum

132 3767 290 3832 Astlraroth
316 3772 446 3850 deduxit,
464 3793 501 3834 ex
517 3794 574 3853 quo
592 3771 687 3835 statim
703 3773 832 3835 Satanas
849 3770 946 3852 igneis
959 3772 1071 3832 catenis
1085 3770 1260 3832 constrictus
1277 3788 1354 3849 apo-

133 3856 238 3918 stolico
260 3857 347 3938 jussu
371 3857 442 3919 exiit
465 3868 493 3919 et
517 3880 601 3921 suum
625 3860 690 3938 ipse
709 3857 825 3920 idolum
851 3857 1029 3923 comminuit.
1062 3857 1129 3933 Quo
1146 3855 1225 3929 sacto
1249 3855 1356 3918 offensi

6 3966 22 4011 ι·
134 3942 304 4005 sacerdotes
322 3944 422 4004 ludiae
447 3948 483 4005 ad
508 3966 558 4006 ren
542 3946 589 4026 .,is
606 3946 723 4007 fratrem
742 3948 893 4028 Astyagen
911 3952 1132 4019 concurrerunt,
1149 3963 1250 4025 regem
1268 3962 1354 4005 suum

135 4028 336 4092 Christianum
360 4031 469 4092 factum
488 4040 516 4091 et
532 4035 706 4095 subversum
725 4030 836 4094 idolum
861 4032 989 4112 graviter
1006 4028 1167 4109 conquesti.
1209 4031 1355 4112 Astyages

57 4141 66 4154 .
136 4109 413 4178 Bartholomaeum
412 4117 586 4180 accersitum
608 4118 760 4199 quaesiuit,
772 4142 825 4181 cur
842 4122 912 4181 deos
929 4124 1109 4179 everteretet
1121 4137 1356 4198 regemperrer-
1451 4130 1453 4133 ·

67 4268 72 4277 ‚
136 4202 236 4264 teret²
254 4202 421 4283 Respondit
440 4202 700 4269 Bartholomaeus.
725 4214 783 4295 Epo
808 4229 856 4267 nco
882 4215 969 4267 coorto
987 4225 1035 4264 nco
1060 4214 1199 4283 percerte,
1223 4207 1272 4265 sed
1287 4204 1365 4265 coo}

136 4300 221 4353 certo.
257 4284 336 4350 Dum
360 4289 424 4352 ista
439 4290 569 4371 loquitur
593 4291 763 4372 apostolus,
789 4291 910 4354 nuntius
927 4292 1026 4367 adest,
1051 4312 1102 4370 qur
1093 4290 1223 4367 refert,
1246 4278 1356 4351 idolum

137 4374 255 4439 Balach
267 4376 402 4439 similiter
418 4378 596 4441 concidisse.
623 4379 701 4440 Tum
718 4401 787 4442 uero
800 4381 947 4463 Astyages
965 4375 1062 4439 scissa
1077 4398 1209 4459 purpura
1234 4384 1357 4477 aposto-

138 4459 199 4525 lum
222 4463 334 4546 pugnis
358 4484 477 4528 caesum
492 4466 589 4531 uirum
614 4465 759 4529 excoriari
781 4467 867 4549 juhet
882 4475 912 4528 et
926 4464 1107 4529 excoriatum
1132 4464 1226 4548 capite
1243 4461 1357 4537 minuit,

1107 4565 1173 4628 4*
